%YAML 1.1
%TAG !u! tag:unity3d.com,2011:
--- !u!1001 &100100000
Prefab:
  m_ObjectHideFlags: 1
  serializedVersion: 2
  m_Modification:
    m_TransformParent: {fileID: 0}
    m_Modifications: []
    m_RemovedComponents: []
  m_ParentPrefab: {fileID: 0}
  m_RootGameObject: {fileID: 1000011516990896}
  m_IsPrefabParent: 1
--- !u!1 &1000010031508476
GameObject:
  m_ObjectHideFlags: 1
  m_PrefabParentObject: {fileID: 0}
  m_PrefabInternal: {fileID: 100100000}
  serializedVersion: 4
  m_Component:
  - 4: {fileID: 4000010987024222}
  m_Layer: 0
  m_Name: L_wrist_JNT
  m_TagString: Untagged
  m_Icon: {fileID: 0}
  m_NavMeshLayer: 0
  m_StaticEditorFlags: 0
  m_IsActive: 1
--- !u!1 &1000010075995370
GameObject:
  m_ObjectHideFlags: 1
  m_PrefabParentObject: {fileID: 0}
  m_PrefabInternal: {fileID: 100100000}
  serializedVersion: 4
  m_Component:
  - 4: {fileID: 4000010343768354}
  m_Layer: 0
  m_Name: spine2_JNT
  m_TagString: Untagged
  m_Icon: {fileID: 0}
  m_NavMeshLayer: 0
  m_StaticEditorFlags: 0
  m_IsActive: 1
--- !u!1 &1000010106934054
GameObject:
  m_ObjectHideFlags: 1
  m_PrefabParentObject: {fileID: 0}
  m_PrefabInternal: {fileID: 100100000}
  serializedVersion: 4
  m_Component:
  - 4: {fileID: 4000013304297648}
  m_Layer: 0
  m_Name: head_JNT
  m_TagString: Untagged
  m_Icon: {fileID: 0}
  m_NavMeshLayer: 0
  m_StaticEditorFlags: 0
  m_IsActive: 1
--- !u!1 &1000010300331800
GameObject:
  m_ObjectHideFlags: 1
  m_PrefabParentObject: {fileID: 0}
  m_PrefabInternal: {fileID: 100100000}
  serializedVersion: 4
  m_Component:
  - 4: {fileID: 4000012139493810}
  m_Layer: 0
  m_Name: L_ankle_JNT
  m_TagString: Untagged
  m_Icon: {fileID: 0}
  m_NavMeshLayer: 0
  m_StaticEditorFlags: 0
  m_IsActive: 1
--- !u!1 &1000010316277032
GameObject:
  m_ObjectHideFlags: 1
  m_PrefabParentObject: {fileID: 0}
  m_PrefabInternal: {fileID: 100100000}
  serializedVersion: 4
  m_Component:
  - 4: {fileID: 4000010065445814}
  m_Layer: 0
  m_Name: R_ankle_JNT
  m_TagString: Untagged
  m_Icon: {fileID: 0}
  m_NavMeshLayer: 0
  m_StaticEditorFlags: 0
  m_IsActive: 1
--- !u!1 &1000010378701516
GameObject:
  m_ObjectHideFlags: 1
  m_PrefabParentObject: {fileID: 0}
  m_PrefabInternal: {fileID: 100100000}
  serializedVersion: 4
  m_Component:
  - 4: {fileID: 4000010794416836}
  m_Layer: 0
  m_Name: R_hand_JNT
  m_TagString: Untagged
  m_Icon: {fileID: 0}
  m_NavMeshLayer: 0
  m_StaticEditorFlags: 0
  m_IsActive: 1
--- !u!1 &1000010386695612
GameObject:
  m_ObjectHideFlags: 1
  m_PrefabParentObject: {fileID: 0}
  m_PrefabInternal: {fileID: 100100000}
  serializedVersion: 4
  m_Component:
  - 4: {fileID: 4000013971517520}
  m_Layer: 0
  m_Name: root_ctrl
  m_TagString: Untagged
  m_Icon: {fileID: 0}
  m_NavMeshLayer: 0
  m_StaticEditorFlags: 0
  m_IsActive: 1
--- !u!1 &1000010460400538
GameObject:
  m_ObjectHideFlags: 1
  m_PrefabParentObject: {fileID: 0}
  m_PrefabInternal: {fileID: 100100000}
  serializedVersion: 4
  m_Component:
  - 4: {fileID: 4000014221374762}
  m_Layer: 0
  m_Name: R_elbow_JNT
  m_TagString: Untagged
  m_Icon: {fileID: 0}
  m_NavMeshLayer: 0
  m_StaticEditorFlags: 0
  m_IsActive: 1
--- !u!1 &1000010487404096
GameObject:
  m_ObjectHideFlags: 0
  m_PrefabParentObject: {fileID: 0}
  m_PrefabInternal: {fileID: 100100000}
  serializedVersion: 4
  m_Component:
  - 4: {fileID: 4000010688082528}
  - 95: {fileID: 95000012452606068}
  m_Layer: 0
  m_Name: nerd_model_UNWRAPPED
  m_TagString: Untagged
  m_Icon: {fileID: 0}
  m_NavMeshLayer: 0
  m_StaticEditorFlags: 0
  m_IsActive: 1
--- !u!1 &1000010555519118
GameObject:
  m_ObjectHideFlags: 1
  m_PrefabParentObject: {fileID: 0}
  m_PrefabInternal: {fileID: 100100000}
  serializedVersion: 4
  m_Component:
  - 4: {fileID: 4000013676298822}
  m_Layer: 0
  m_Name: spine1_JNT
  m_TagString: Untagged
  m_Icon: {fileID: 0}
  m_NavMeshLayer: 0
  m_StaticEditorFlags: 0
  m_IsActive: 1
--- !u!1 &1000010604804388
GameObject:
  m_ObjectHideFlags: 1
  m_PrefabParentObject: {fileID: 0}
  m_PrefabInternal: {fileID: 100100000}
  serializedVersion: 4
  m_Component:
  - 4: {fileID: 4000013842449984}
  m_Layer: 0
  m_Name: R_ball_JNT
  m_TagString: Untagged
  m_Icon: {fileID: 0}
  m_NavMeshLayer: 0
  m_StaticEditorFlags: 0
  m_IsActive: 1
--- !u!1 &1000010747632434
GameObject:
  m_ObjectHideFlags: 1
  m_PrefabParentObject: {fileID: 0}
  m_PrefabInternal: {fileID: 100100000}
  serializedVersion: 4
  m_Component:
  - 4: {fileID: 4000013820179276}
  m_Layer: 0
  m_Name: R_thumb_JNT
  m_TagString: Untagged
  m_Icon: {fileID: 0}
  m_NavMeshLayer: 0
  m_StaticEditorFlags: 0
  m_IsActive: 1
--- !u!1 &1000010763504214
GameObject:
  m_ObjectHideFlags: 1
  m_PrefabParentObject: {fileID: 0}
  m_PrefabInternal: {fileID: 100100000}
  serializedVersion: 4
  m_Component:
  - 4: {fileID: 4000011570611900}
  m_Layer: 0
  m_Name: L_toetip_JNT
  m_TagString: Untagged
  m_Icon: {fileID: 0}
  m_NavMeshLayer: 0
  m_StaticEditorFlags: 0
  m_IsActive: 1
--- !u!1 &1000010816970884
GameObject:
  m_ObjectHideFlags: 1
  m_PrefabParentObject: {fileID: 0}
  m_PrefabInternal: {fileID: 100100000}
  serializedVersion: 4
  m_Component:
  - 4: {fileID: 4000013955470168}
  m_Layer: 0
  m_Name: L_ankle_JNT
  m_TagString: Untagged
  m_Icon: {fileID: 0}
  m_NavMeshLayer: 0
  m_StaticEditorFlags: 0
  m_IsActive: 1
--- !u!1 &1000010824026206
GameObject:
  m_ObjectHideFlags: 1
  m_PrefabParentObject: {fileID: 0}
  m_PrefabInternal: {fileID: 100100000}
  serializedVersion: 4
  m_Component:
  - 4: {fileID: 4000013890040026}
  m_Layer: 0
  m_Name: R_toetip_JNT
  m_TagString: Untagged
  m_Icon: {fileID: 0}
  m_NavMeshLayer: 0
  m_StaticEditorFlags: 0
  m_IsActive: 1
--- !u!1 &1000010875598890
GameObject:
  m_ObjectHideFlags: 1
  m_PrefabParentObject: {fileID: 0}
  m_PrefabInternal: {fileID: 100100000}
  serializedVersion: 4
  m_Component:
  - 4: {fileID: 4000013602179982}
  m_Layer: 0
  m_Name: R_ball_JNT
  m_TagString: Untagged
  m_Icon: {fileID: 0}
  m_NavMeshLayer: 0
  m_StaticEditorFlags: 0
  m_IsActive: 1
--- !u!1 &1000010896970542
GameObject:
  m_ObjectHideFlags: 1
  m_PrefabParentObject: {fileID: 0}
  m_PrefabInternal: {fileID: 100100000}
  serializedVersion: 4
  m_Component:
  - 4: {fileID: 4000012292070514}
  m_Layer: 0
  m_Name: neck1_JNT
  m_TagString: Untagged
  m_Icon: {fileID: 0}
  m_NavMeshLayer: 0
  m_StaticEditorFlags: 0
  m_IsActive: 1
--- !u!1 &1000011098343320
GameObject:
  m_ObjectHideFlags: 1
  m_PrefabParentObject: {fileID: 0}
  m_PrefabInternal: {fileID: 100100000}
  serializedVersion: 4
  m_Component:
  - 4: {fileID: 4000012747714114}
  m_Layer: 0
  m_Name: L_elbow_JNT
  m_TagString: Untagged
  m_Icon: {fileID: 0}
  m_NavMeshLayer: 0
  m_StaticEditorFlags: 0
  m_IsActive: 1
--- !u!1 &1000011140372396
GameObject:
  m_ObjectHideFlags: 1
  m_PrefabParentObject: {fileID: 0}
  m_PrefabInternal: {fileID: 100100000}
  serializedVersion: 4
  m_Component:
  - 4: {fileID: 4000013452834750}
  m_Layer: 0
  m_Name: R_leg_JNT
  m_TagString: Untagged
  m_Icon: {fileID: 0}
  m_NavMeshLayer: 0
  m_StaticEditorFlags: 0
  m_IsActive: 1
--- !u!1 &1000011168747072
GameObject:
  m_ObjectHideFlags: 1
  m_PrefabParentObject: {fileID: 0}
  m_PrefabInternal: {fileID: 100100000}
  serializedVersion: 4
  m_Component:
  - 4: {fileID: 4000011920209194}
  m_Layer: 0
  m_Name: R_leg_JNT
  m_TagString: Untagged
  m_Icon: {fileID: 0}
  m_NavMeshLayer: 0
  m_StaticEditorFlags: 0
  m_IsActive: 1
--- !u!1 &1000011187603694
GameObject:
  m_ObjectHideFlags: 0
  m_PrefabParentObject: {fileID: 0}
  m_PrefabInternal: {fileID: 100100000}
  serializedVersion: 4
  m_Component:
  - 4: {fileID: 4000011504034230}
  - 137: {fileID: 137000010683355230}
  m_Layer: 0
  m_Name: nerd3
  m_TagString: Untagged
  m_Icon: {fileID: 0}
  m_NavMeshLayer: 0
  m_StaticEditorFlags: 0
  m_IsActive: 0
--- !u!1 &1000011201875046
GameObject:
  m_ObjectHideFlags: 1
  m_PrefabParentObject: {fileID: 0}
  m_PrefabInternal: {fileID: 100100000}
  serializedVersion: 4
  m_Component:
  - 4: {fileID: 4000013173106524}
  m_Layer: 0
  m_Name: neck1_JNT
  m_TagString: Untagged
  m_Icon: {fileID: 0}
  m_NavMeshLayer: 0
  m_StaticEditorFlags: 0
  m_IsActive: 1
--- !u!1 &1000011239629104
GameObject:
  m_ObjectHideFlags: 1
  m_PrefabParentObject: {fileID: 0}
  m_PrefabInternal: {fileID: 100100000}
  serializedVersion: 4
  m_Component:
  - 4: {fileID: 4000010559180078}
  m_Layer: 0
  m_Name: neck2_JNT
  m_TagString: Untagged
  m_Icon: {fileID: 0}
  m_NavMeshLayer: 0
  m_StaticEditorFlags: 0
  m_IsActive: 1
--- !u!1 &1000011317244072
GameObject:
  m_ObjectHideFlags: 1
  m_PrefabParentObject: {fileID: 0}
  m_PrefabInternal: {fileID: 100100000}
  serializedVersion: 4
  m_Component:
  - 4: {fileID: 4000010835643412}
  m_Layer: 0
  m_Name: Reference_JNT
  m_TagString: Untagged
  m_Icon: {fileID: 0}
  m_NavMeshLayer: 0
  m_StaticEditorFlags: 0
  m_IsActive: 1
--- !u!1 &1000011357594586
GameObject:
  m_ObjectHideFlags: 1
  m_PrefabParentObject: {fileID: 0}
  m_PrefabInternal: {fileID: 100100000}
  serializedVersion: 4
  m_Component:
  - 4: {fileID: 4000011401156538}
  m_Layer: 0
  m_Name: L_toetip_JNT
  m_TagString: Untagged
  m_Icon: {fileID: 0}
  m_NavMeshLayer: 0
  m_StaticEditorFlags: 0
  m_IsActive: 1
--- !u!1 &1000011371897252
GameObject:
  m_ObjectHideFlags: 1
  m_PrefabParentObject: {fileID: 0}
  m_PrefabInternal: {fileID: 100100000}
  serializedVersion: 4
  m_Component:
  - 4: {fileID: 4000010323486776}
  m_Layer: 0
  m_Name: L_ball_JNT
  m_TagString: Untagged
  m_Icon: {fileID: 0}
  m_NavMeshLayer: 0
  m_StaticEditorFlags: 0
  m_IsActive: 1
--- !u!1 &1000011516990896
GameObject:
  m_ObjectHideFlags: 0
  m_PrefabParentObject: {fileID: 0}
  m_PrefabInternal: {fileID: 100100000}
  serializedVersion: 4
  m_Component:
  - 4: {fileID: 4000011518344016}
  - 95: {fileID: 95000011634505108}
  - 136: {fileID: 136000011586775874}
  - 114: {fileID: 114000013059524704}
  - 54: {fileID: 54000013194715492}
  - 114: {fileID: 114000011660168598}
  - 114: {fileID: 114000011519481986}
  m_Layer: 0
  m_Name: C2
  m_TagString: Hacker
  m_Icon: {fileID: 0}
  m_NavMeshLayer: 0
  m_StaticEditorFlags: 0
  m_IsActive: 1
--- !u!1 &1000011642323642
GameObject:
  m_ObjectHideFlags: 1
  m_PrefabParentObject: {fileID: 0}
  m_PrefabInternal: {fileID: 100100000}
  serializedVersion: 4
  m_Component:
  - 4: {fileID: 4000011481201736}
  - 137: {fileID: 137000012136138438}
  m_Layer: 0
  m_Name: pPlane140
  m_TagString: Untagged
  m_Icon: {fileID: 0}
  m_NavMeshLayer: 0
  m_StaticEditorFlags: 0
  m_IsActive: 1
--- !u!1 &1000011809275526
GameObject:
  m_ObjectHideFlags: 1
  m_PrefabParentObject: {fileID: 0}
  m_PrefabInternal: {fileID: 100100000}
  serializedVersion: 4
  m_Component:
  - 4: {fileID: 4000010040837954}
  m_Layer: 0
  m_Name: L_knee_JNT
  m_TagString: Untagged
  m_Icon: {fileID: 0}
  m_NavMeshLayer: 0
  m_StaticEditorFlags: 0
  m_IsActive: 1
--- !u!1 &1000011956711894
GameObject:
  m_ObjectHideFlags: 1
  m_PrefabParentObject: {fileID: 0}
  m_PrefabInternal: {fileID: 100100000}
  serializedVersion: 4
  m_Component:
  - 4: {fileID: 4000012247365074}
  m_Layer: 0
  m_Name: R_ankle_JNT
  m_TagString: Untagged
  m_Icon: {fileID: 0}
  m_NavMeshLayer: 0
  m_StaticEditorFlags: 0
  m_IsActive: 1
--- !u!1 &1000012098935440
GameObject:
  m_ObjectHideFlags: 1
  m_PrefabParentObject: {fileID: 0}
  m_PrefabInternal: {fileID: 100100000}
  serializedVersion: 4
  m_Component:
  - 4: {fileID: 4000012057329572}
  m_Layer: 0
  m_Name: L_thumb_JNT
  m_TagString: Untagged
  m_Icon: {fileID: 0}
  m_NavMeshLayer: 0
  m_StaticEditorFlags: 0
  m_IsActive: 1
--- !u!1 &1000012156072072
GameObject:
  m_ObjectHideFlags: 1
  m_PrefabParentObject: {fileID: 0}
  m_PrefabInternal: {fileID: 100100000}
  serializedVersion: 4
  m_Component:
  - 4: {fileID: 4000012263880280}
  - 137: {fileID: 137000013911984416}
  m_Layer: 0
  m_Name: clothes
  m_TagString: Untagged
  m_Icon: {fileID: 0}
  m_NavMeshLayer: 0
  m_StaticEditorFlags: 0
  m_IsActive: 1
--- !u!1 &1000012156294076
GameObject:
  m_ObjectHideFlags: 1
  m_PrefabParentObject: {fileID: 0}
  m_PrefabInternal: {fileID: 100100000}
  serializedVersion: 4
  m_Component:
  - 4: {fileID: 4000011594274764}
  m_Layer: 0
  m_Name: Root_JNT
  m_TagString: Untagged
  m_Icon: {fileID: 0}
  m_NavMeshLayer: 0
  m_StaticEditorFlags: 0
  m_IsActive: 1
--- !u!1 &1000012283155168
GameObject:
  m_ObjectHideFlags: 1
  m_PrefabParentObject: {fileID: 0}
  m_PrefabInternal: {fileID: 100100000}
  serializedVersion: 4
  m_Component:
  - 4: {fileID: 4000011913394792}
  m_Layer: 0
  m_Name: L_ball_JNT
  m_TagString: Untagged
  m_Icon: {fileID: 0}
  m_NavMeshLayer: 0
  m_StaticEditorFlags: 0
  m_IsActive: 1
--- !u!1 &1000012344382728
GameObject:
  m_ObjectHideFlags: 1
  m_PrefabParentObject: {fileID: 0}
  m_PrefabInternal: {fileID: 100100000}
  serializedVersion: 4
  m_Component:
  - 4: {fileID: 4000013635724342}
  m_Layer: 0
  m_Name: R_wrist_JNT
  m_TagString: Untagged
  m_Icon: {fileID: 0}
  m_NavMeshLayer: 0
  m_StaticEditorFlags: 0
  m_IsActive: 1
--- !u!1 &1000012363912506
GameObject:
  m_ObjectHideFlags: 1
  m_PrefabParentObject: {fileID: 0}
  m_PrefabInternal: {fileID: 100100000}
  serializedVersion: 4
  m_Component:
  - 4: {fileID: 4000010229503914}
  m_Layer: 0
  m_Name: spine1_JNT
  m_TagString: Untagged
  m_Icon: {fileID: 0}
  m_NavMeshLayer: 0
  m_StaticEditorFlags: 0
  m_IsActive: 1
--- !u!1 &1000012487041778
GameObject:
  m_ObjectHideFlags: 1
  m_PrefabParentObject: {fileID: 0}
  m_PrefabInternal: {fileID: 100100000}
  serializedVersion: 4
  m_Component:
  - 4: {fileID: 4000013736922016}
  m_Layer: 0
  m_Name: head_JNT
  m_TagString: Untagged
  m_Icon: {fileID: 0}
  m_NavMeshLayer: 0
  m_StaticEditorFlags: 0
  m_IsActive: 1
--- !u!1 &1000012491829518
GameObject:
  m_ObjectHideFlags: 1
  m_PrefabParentObject: {fileID: 0}
  m_PrefabInternal: {fileID: 100100000}
  serializedVersion: 4
  m_Component:
  - 4: {fileID: 4000011319860610}
  m_Layer: 0
  m_Name: L_leg_JNT
  m_TagString: Untagged
  m_Icon: {fileID: 0}
  m_NavMeshLayer: 0
  m_StaticEditorFlags: 0
  m_IsActive: 1
--- !u!1 &1000012520018506
GameObject:
  m_ObjectHideFlags: 1
  m_PrefabParentObject: {fileID: 0}
  m_PrefabInternal: {fileID: 100100000}
  serializedVersion: 4
  m_Component:
  - 4: {fileID: 4000012211958020}
  m_Layer: 0
  m_Name: hips_JNT
  m_TagString: Untagged
  m_Icon: {fileID: 0}
  m_NavMeshLayer: 0
  m_StaticEditorFlags: 0
  m_IsActive: 1
--- !u!1 &1000012567389830
GameObject:
  m_ObjectHideFlags: 1
  m_PrefabParentObject: {fileID: 0}
  m_PrefabInternal: {fileID: 100100000}
  serializedVersion: 4
  m_Component:
  - 4: {fileID: 4000013665303136}
  m_Layer: 0
  m_Name: L_thumb_JNT
  m_TagString: Untagged
  m_Icon: {fileID: 0}
  m_NavMeshLayer: 0
  m_StaticEditorFlags: 0
  m_IsActive: 1
--- !u!1 &1000012648696406
GameObject:
  m_ObjectHideFlags: 1
  m_PrefabParentObject: {fileID: 0}
  m_PrefabInternal: {fileID: 100100000}
  serializedVersion: 4
  m_Component:
  - 4: {fileID: 4000011369408542}
  m_Layer: 0
  m_Name: spine2_JNT
  m_TagString: Untagged
  m_Icon: {fileID: 0}
  m_NavMeshLayer: 0
  m_StaticEditorFlags: 0
  m_IsActive: 1
--- !u!1 &1000012738253896
GameObject:
  m_ObjectHideFlags: 1
  m_PrefabParentObject: {fileID: 0}
  m_PrefabInternal: {fileID: 100100000}
  serializedVersion: 4
  m_Component:
  - 4: {fileID: 4000013087177956}
  m_Layer: 0
  m_Name: L_hand_JNT
  m_TagString: Untagged
  m_Icon: {fileID: 0}
  m_NavMeshLayer: 0
  m_StaticEditorFlags: 0
  m_IsActive: 1
--- !u!1 &1000012938006996
GameObject:
  m_ObjectHideFlags: 0
  m_PrefabParentObject: {fileID: 0}
  m_PrefabInternal: {fileID: 100100000}
  serializedVersion: 4
  m_Component:
  - 4: {fileID: 4000013729844068}
  m_Layer: 0
  m_Name: Reference_JNT
  m_TagString: Untagged
  m_Icon: {fileID: 0}
  m_NavMeshLayer: 0
  m_StaticEditorFlags: 0
  m_IsActive: 0
--- !u!1 &1000012992347846
GameObject:
  m_ObjectHideFlags: 0
  m_PrefabParentObject: {fileID: 0}
  m_PrefabInternal: {fileID: 100100000}
  serializedVersion: 4
  m_Component:
  - 4: {fileID: 4000012310746188}
  m_Layer: 0
  m_Name: CTRL_global
  m_TagString: Untagged
  m_Icon: {fileID: 0}
  m_NavMeshLayer: 0
  m_StaticEditorFlags: 0
  m_IsActive: 0
--- !u!1 &1000013039575802
GameObject:
  m_ObjectHideFlags: 1
  m_PrefabParentObject: {fileID: 0}
  m_PrefabInternal: {fileID: 100100000}
  serializedVersion: 4
  m_Component:
  - 4: {fileID: 4000011883657772}
  m_Layer: 0
  m_Name: R_hand_JNT
  m_TagString: Untagged
  m_Icon: {fileID: 0}
  m_NavMeshLayer: 0
  m_StaticEditorFlags: 0
  m_IsActive: 1
--- !u!1 &1000013070573984
GameObject:
  m_ObjectHideFlags: 1
  m_PrefabParentObject: {fileID: 0}
  m_PrefabInternal: {fileID: 100100000}
  serializedVersion: 4
  m_Component:
  - 4: {fileID: 4000012511454712}
  m_Layer: 0
  m_Name: R_knee_JNT
  m_TagString: Untagged
  m_Icon: {fileID: 0}
  m_NavMeshLayer: 0
  m_StaticEditorFlags: 0
  m_IsActive: 1
--- !u!1 &1000013114899670
GameObject:
  m_ObjectHideFlags: 1
  m_PrefabParentObject: {fileID: 0}
  m_PrefabInternal: {fileID: 100100000}
  serializedVersion: 4
  m_Component:
  - 4: {fileID: 4000012132617052}
  m_Layer: 0
  m_Name: clavicle_JNT
  m_TagString: Untagged
  m_Icon: {fileID: 0}
  m_NavMeshLayer: 0
  m_StaticEditorFlags: 0
  m_IsActive: 1
--- !u!1 &1000013172653906
GameObject:
  m_ObjectHideFlags: 1
  m_PrefabParentObject: {fileID: 0}
  m_PrefabInternal: {fileID: 100100000}
  serializedVersion: 4
  m_Component:
  - 4: {fileID: 4000013024404842}
  m_Layer: 0
  m_Name: R_thumb_JNT
  m_TagString: Untagged
  m_Icon: {fileID: 0}
  m_NavMeshLayer: 0
  m_StaticEditorFlags: 0
  m_IsActive: 1
--- !u!1 &1000013231763276
GameObject:
  m_ObjectHideFlags: 1
  m_PrefabParentObject: {fileID: 0}
  m_PrefabInternal: {fileID: 100100000}
  serializedVersion: 4
  m_Component:
  - 4: {fileID: 4000010677058518}
  m_Layer: 0
  m_Name: L_leg_JNT
  m_TagString: Untagged
  m_Icon: {fileID: 0}
  m_NavMeshLayer: 0
  m_StaticEditorFlags: 0
  m_IsActive: 1
--- !u!1 &1000013246609212
GameObject:
  m_ObjectHideFlags: 1
  m_PrefabParentObject: {fileID: 0}
  m_PrefabInternal: {fileID: 100100000}
  serializedVersion: 4
  m_Component:
  - 4: {fileID: 4000010646773712}
  m_Layer: 0
  m_Name: R_shoulder_JNT
  m_TagString: Untagged
  m_Icon: {fileID: 0}
  m_NavMeshLayer: 0
  m_StaticEditorFlags: 0
  m_IsActive: 1
--- !u!1 &1000013436387848
GameObject:
  m_ObjectHideFlags: 1
  m_PrefabParentObject: {fileID: 0}
  m_PrefabInternal: {fileID: 100100000}
  serializedVersion: 4
  m_Component:
  - 4: {fileID: 4000013430980902}
  m_Layer: 0
  m_Name: clavicle_JNT
  m_TagString: Untagged
  m_Icon: {fileID: 0}
  m_NavMeshLayer: 0
  m_StaticEditorFlags: 0
  m_IsActive: 1
--- !u!1 &1000013599724370
GameObject:
  m_ObjectHideFlags: 1
  m_PrefabParentObject: {fileID: 0}
  m_PrefabInternal: {fileID: 100100000}
  serializedVersion: 4
  m_Component:
  - 4: {fileID: 4000013369825156}
  m_Layer: 0
  m_Name: L_hand_JNT
  m_TagString: Untagged
  m_Icon: {fileID: 0}
  m_NavMeshLayer: 0
  m_StaticEditorFlags: 0
  m_IsActive: 1
--- !u!1 &1000013700263030
GameObject:
  m_ObjectHideFlags: 1
  m_PrefabParentObject: {fileID: 0}
  m_PrefabInternal: {fileID: 100100000}
  serializedVersion: 4
  m_Component:
  - 4: {fileID: 4000012078183436}
  m_Layer: 0
  m_Name: R_shoulder_JNT
  m_TagString: Untagged
  m_Icon: {fileID: 0}
  m_NavMeshLayer: 0
  m_StaticEditorFlags: 0
  m_IsActive: 1
--- !u!1 &1000013721582502
GameObject:
  m_ObjectHideFlags: 1
  m_PrefabParentObject: {fileID: 0}
  m_PrefabInternal: {fileID: 100100000}
  serializedVersion: 4
  m_Component:
  - 4: {fileID: 4000013118730764}
  m_Layer: 0
  m_Name: Root_JNT
  m_TagString: Untagged
  m_Icon: {fileID: 0}
  m_NavMeshLayer: 0
  m_StaticEditorFlags: 0
  m_IsActive: 1
--- !u!1 &1000013744322082
GameObject:
  m_ObjectHideFlags: 1
  m_PrefabParentObject: {fileID: 0}
  m_PrefabInternal: {fileID: 100100000}
  serializedVersion: 4
  m_Component:
  - 4: {fileID: 4000011864425536}
  m_Layer: 0
  m_Name: L_shoulder_JNT
  m_TagString: Untagged
  m_Icon: {fileID: 0}
  m_NavMeshLayer: 0
  m_StaticEditorFlags: 0
  m_IsActive: 1
--- !u!1 &1000013786548900
GameObject:
  m_ObjectHideFlags: 1
  m_PrefabParentObject: {fileID: 0}
  m_PrefabInternal: {fileID: 100100000}
  serializedVersion: 4
  m_Component:
  - 4: {fileID: 4000010162905370}
  m_Layer: 0
  m_Name: L_shoulder_JNT
  m_TagString: Untagged
  m_Icon: {fileID: 0}
  m_NavMeshLayer: 0
  m_StaticEditorFlags: 0
  m_IsActive: 1
--- !u!1 &1000013797406230
GameObject:
  m_ObjectHideFlags: 1
  m_PrefabParentObject: {fileID: 0}
  m_PrefabInternal: {fileID: 100100000}
  serializedVersion: 4
  m_Component:
  - 4: {fileID: 4000010712264812}
  m_Layer: 0
  m_Name: R_wrist_JNT
  m_TagString: Untagged
  m_Icon: {fileID: 0}
  m_NavMeshLayer: 0
  m_StaticEditorFlags: 0
  m_IsActive: 1
--- !u!1 &1000013841871130
GameObject:
  m_ObjectHideFlags: 1
  m_PrefabParentObject: {fileID: 0}
  m_PrefabInternal: {fileID: 100100000}
  serializedVersion: 4
  m_Component:
  - 4: {fileID: 4000012307671112}
  m_Layer: 0
  m_Name: L_elbow_JNT
  m_TagString: Untagged
  m_Icon: {fileID: 0}
  m_NavMeshLayer: 0
  m_StaticEditorFlags: 0
  m_IsActive: 1
--- !u!1 &1000013918798946
GameObject:
  m_ObjectHideFlags: 1
  m_PrefabParentObject: {fileID: 0}
  m_PrefabInternal: {fileID: 100100000}
  serializedVersion: 4
  m_Component:
  - 4: {fileID: 4000011341016924}
  m_Layer: 0
  m_Name: neck2_JNT
  m_TagString: Untagged
  m_Icon: {fileID: 0}
  m_NavMeshLayer: 0
  m_StaticEditorFlags: 0
  m_IsActive: 1
--- !u!1 &1000013921951466
GameObject:
  m_ObjectHideFlags: 1
  m_PrefabParentObject: {fileID: 0}
  m_PrefabInternal: {fileID: 100100000}
  serializedVersion: 4
  m_Component:
  - 4: {fileID: 4000013884485904}
  m_Layer: 0
  m_Name: CTRL_global
  m_TagString: Untagged
  m_Icon: {fileID: 0}
  m_NavMeshLayer: 0
  m_StaticEditorFlags: 0
  m_IsActive: 1
--- !u!1 &1000014013646454
GameObject:
  m_ObjectHideFlags: 1
  m_PrefabParentObject: {fileID: 0}
  m_PrefabInternal: {fileID: 100100000}
  serializedVersion: 4
  m_Component:
  - 4: {fileID: 4000012025039726}
  m_Layer: 0
  m_Name: L_wrist_JNT
  m_TagString: Untagged
  m_Icon: {fileID: 0}
  m_NavMeshLayer: 0
  m_StaticEditorFlags: 0
  m_IsActive: 1
--- !u!1 &1000014042809078
GameObject:
  m_ObjectHideFlags: 1
  m_PrefabParentObject: {fileID: 0}
  m_PrefabInternal: {fileID: 100100000}
  serializedVersion: 4
  m_Component:
  - 4: {fileID: 4000010799674028}
  m_Layer: 0
  m_Name: R_knee_JNT
  m_TagString: Untagged
  m_Icon: {fileID: 0}
  m_NavMeshLayer: 0
  m_StaticEditorFlags: 0
  m_IsActive: 1
--- !u!1 &1000014094925600
GameObject:
  m_ObjectHideFlags: 1
  m_PrefabParentObject: {fileID: 0}
  m_PrefabInternal: {fileID: 100100000}
  serializedVersion: 4
  m_Component:
  - 4: {fileID: 4000011998324906}
  m_Layer: 0
  m_Name: R_toetip_JNT
  m_TagString: Untagged
  m_Icon: {fileID: 0}
  m_NavMeshLayer: 0
  m_StaticEditorFlags: 0
  m_IsActive: 1
--- !u!1 &1000014207771006
GameObject:
  m_ObjectHideFlags: 1
  m_PrefabParentObject: {fileID: 0}
  m_PrefabInternal: {fileID: 100100000}
  serializedVersion: 4
  m_Component:
  - 4: {fileID: 4000012214245022}
  m_Layer: 0
  m_Name: R_elbow_JNT
  m_TagString: Untagged
  m_Icon: {fileID: 0}
  m_NavMeshLayer: 0
  m_StaticEditorFlags: 0
  m_IsActive: 1
--- !u!1 &1000014220943070
GameObject:
  m_ObjectHideFlags: 1
  m_PrefabParentObject: {fileID: 0}
  m_PrefabInternal: {fileID: 100100000}
  serializedVersion: 4
  m_Component:
  - 4: {fileID: 4000012762075244}
  m_Layer: 0
  m_Name: L_knee_JNT
  m_TagString: Untagged
  m_Icon: {fileID: 0}
  m_NavMeshLayer: 0
  m_StaticEditorFlags: 0
  m_IsActive: 1
--- !u!1 &1000014271076732
GameObject:
  m_ObjectHideFlags: 1
  m_PrefabParentObject: {fileID: 0}
  m_PrefabInternal: {fileID: 100100000}
  serializedVersion: 4
  m_Component:
  - 4: {fileID: 4000010143244544}
  m_Layer: 0
  m_Name: hips_JNT
  m_TagString: Untagged
  m_Icon: {fileID: 0}
  m_NavMeshLayer: 0
  m_StaticEditorFlags: 0
  m_IsActive: 1
--- !u!4 &4000010040837954
Transform:
  m_ObjectHideFlags: 1
  m_PrefabParentObject: {fileID: 0}
  m_PrefabInternal: {fileID: 100100000}
  m_GameObject: {fileID: 1000011809275526}
  m_LocalRotation: {x: -0.00010343891, y: -0.0053266385, z: 0.14560126, w: 0.98932904}
  m_LocalPosition: {x: -0.3557406, y: -1.5543121e-16, z: 3.1086242e-16}
  m_LocalScale: {x: 1, y: 1, z: 1}
  m_LocalEulerAnglesHint: {x: 0, y: 0, z: 0}
  m_Children:
  - {fileID: 4000013955470168}
  m_Father: {fileID: 4000010677058518}
  m_RootOrder: 0
--- !u!4 &4000010065445814
Transform:
  m_ObjectHideFlags: 1
  m_PrefabParentObject: {fileID: 0}
  m_PrefabInternal: {fileID: 100100000}
  m_GameObject: {fileID: 1000010316277032}
  m_LocalRotation: {x: 0.041492257, y: 0.016852383, z: 0.47267652, w: 0.8800973}
  m_LocalPosition: {x: -0.30742452, y: -1.11022296e-17, z: -8.8817837e-17}
  m_LocalScale: {x: 1, y: 1, z: 1}
  m_LocalEulerAnglesHint: {x: 0, y: 0, z: 0}
  m_Children:
  - {fileID: 4000013842449984}
  m_Father: {fileID: 4000010799674028}
  m_RootOrder: 0
--- !u!4 &4000010143244544
Transform:
  m_ObjectHideFlags: 1
  m_PrefabParentObject: {fileID: 0}
  m_PrefabInternal: {fileID: 100100000}
  m_GameObject: {fileID: 1000014271076732}
  m_LocalRotation: {x: 0.7071074, y: -0.004542808, z: -0.0042871614, w: 0.70707864}
  m_LocalPosition: {x: -0.17138629, y: -0.0018274761, z: 0.00035527156}
  m_LocalScale: {x: 1, y: 1, z: 1}
  m_LocalEulerAnglesHint: {x: 0, y: 0, z: 0}
  m_Children:
  - {fileID: 4000011319860610}
  - {fileID: 4000011920209194}
  - {fileID: 4000010229503914}
  m_Father: {fileID: 4000013118730764}
  m_RootOrder: 0
--- !u!4 &4000010162905370
Transform:
  m_ObjectHideFlags: 1
  m_PrefabParentObject: {fileID: 0}
  m_PrefabInternal: {fileID: 100100000}
  m_GameObject: {fileID: 1000013786548900}
  m_LocalRotation: {x: 0.773254, y: 0.011800856, z: 0.6338687, w: 0.012226462}
  m_LocalPosition: {x: -0.15811534, y: -2.6628004e-17, z: -2.664535e-15}
  m_LocalScale: {x: 1, y: 1, z: 1}
  m_LocalEulerAnglesHint: {x: 0, y: 0, z: 0}
  m_Children:
  - {fileID: 4000012307671112}
  m_Father: {fileID: 4000012132617052}
  m_RootOrder: 0
--- !u!4 &4000010229503914
Transform:
  m_ObjectHideFlags: 1
  m_PrefabParentObject: {fileID: 0}
  m_PrefabInternal: {fileID: 100100000}
  m_GameObject: {fileID: 1000012363912506}
  m_LocalRotation: {x: -0.000019423227, y: -0.002923146, z: -0.000035777583, w: 0.99999577}
  m_LocalPosition: {x: -0.15966728, y: 0.00035527156, z: 0.0018274988}
  m_LocalScale: {x: 1, y: 1, z: 1}
  m_LocalEulerAnglesHint: {x: 0, y: 0, z: 0}
  m_Children:
  - {fileID: 4000011369408542}
  m_Father: {fileID: 4000010143244544}
  m_RootOrder: 2
--- !u!4 &4000010323486776
Transform:
  m_ObjectHideFlags: 1
  m_PrefabParentObject: {fileID: 0}
  m_PrefabInternal: {fileID: 100100000}
  m_GameObject: {fileID: 1000011371897252}
  m_LocalRotation: {x: -0.06319286, y: 0.02160209, z: -0.21899158, w: 0.9734386}
  m_LocalPosition: {x: -0.07558902, y: -1.11022296e-16, z: 1.7763567e-16}
  m_LocalScale: {x: 1, y: 1, z: 1}
  m_LocalEulerAnglesHint: {x: 0, y: 0, z: 0}
  m_Children:
  - {fileID: 4000011401156538}
  m_Father: {fileID: 4000012139493810}
  m_RootOrder: 0
--- !u!4 &4000010343768354
Transform:
  m_ObjectHideFlags: 1
  m_PrefabParentObject: {fileID: 0}
  m_PrefabInternal: {fileID: 100100000}
  m_GameObject: {fileID: 1000010075995370}
  m_LocalRotation: {x: -2.7755261e-17, y: 0.002735856, z: -0.0006356648, w: 0.99999607}
  m_LocalPosition: {x: -0.19999999, y: 0.00035527156, z: 0.0018277139}
  m_LocalScale: {x: 1, y: 1, z: 1}
  m_LocalEulerAnglesHint: {x: 0, y: 0, z: 0}
  m_Children:
  - {fileID: 4000012132617052}
  m_Father: {fileID: 4000013676298822}
  m_RootOrder: 0
--- !u!4 &4000010559180078
Transform:
  m_ObjectHideFlags: 1
  m_PrefabParentObject: {fileID: 0}
  m_PrefabInternal: {fileID: 100100000}
  m_GameObject: {fileID: 1000011239629104}
  m_LocalRotation: {x: 2.4980018e-16, y: -1.6653345e-16, z: 5.068168e-14, w: 1}
  m_LocalPosition: {x: -0.11993212, y: 9.405505e-19, z: 4.10881e-16}
  m_LocalScale: {x: 1, y: 1, z: 1}
  m_LocalEulerAnglesHint: {x: 0, y: 0, z: 0}
  m_Children:
  - {fileID: 4000013304297648}
  m_Father: {fileID: 4000013173106524}
  m_RootOrder: 0
--- !u!4 &4000010646773712
Transform:
  m_ObjectHideFlags: 1
  m_PrefabParentObject: {fileID: 0}
  m_PrefabInternal: {fileID: 100100000}
  m_GameObject: {fileID: 1000013246609212}
  m_LocalRotation: {x: -0.0049850224, y: 0.35687104, z: -0.018577458, w: 0.9339556}
  m_LocalPosition: {x: 0.12648699, y: -0.0013641136, z: 0.09486646}
  m_LocalScale: {x: 1, y: 1, z: 1}
  m_LocalEulerAnglesHint: {x: 0, y: 0, z: 0}
  m_Children:
  - {fileID: 4000012214245022}
  m_Father: {fileID: 4000013430980902}
  m_RootOrder: 2
--- !u!4 &4000010677058518
Transform:
  m_ObjectHideFlags: 1
  m_PrefabParentObject: {fileID: 0}
  m_PrefabInternal: {fileID: 100100000}
  m_GameObject: {fileID: 1000013231763276}
  m_LocalRotation: {x: 0.051936455, y: 0.0044361367, z: 0.99655384, w: 0.06452476}
  m_LocalPosition: {x: 0.08797382, y: 2.2009033e-17, z: -0.15381803}
  m_LocalScale: {x: 1, y: 1, z: 1}
  m_LocalEulerAnglesHint: {x: 0, y: 0, z: 0}
  m_Children:
  - {fileID: 4000010040837954}
  m_Father: {fileID: 4000012211958020}
  m_RootOrder: 0
--- !u!4 &4000010688082528
Transform:
  m_ObjectHideFlags: 1
  m_PrefabParentObject: {fileID: 0}
  m_PrefabInternal: {fileID: 100100000}
  m_GameObject: {fileID: 1000010487404096}
  m_LocalRotation: {x: 0, y: 0, z: 0, w: 1}
  m_LocalPosition: {x: 0, y: 0, z: 0}
  m_LocalScale: {x: 1, y: 1, z: 1}
  m_LocalEulerAnglesHint: {x: 0, y: 0, z: 0}
  m_Children:
  - {fileID: 4000012263880280}
  - {fileID: 4000013884485904}
  - {fileID: 4000011481201736}
  - {fileID: 4000010835643412}
  m_Father: {fileID: 4000011518344016}
  m_RootOrder: 3
--- !u!4 &4000010712264812
Transform:
  m_ObjectHideFlags: 1
  m_PrefabParentObject: {fileID: 0}
  m_PrefabInternal: {fileID: 100100000}
  m_GameObject: {fileID: 1000013797406230}
  m_LocalRotation: {x: -0.11440794, y: 0.35131165, z: 0.02693327, w: 0.9288517}
  m_LocalPosition: {x: 0.29544672, y: 0.00000052482426, z: -0.0000008939431}
  m_LocalScale: {x: 1, y: 1, z: 1}
  m_LocalEulerAnglesHint: {x: 0, y: 0, z: 0}
  m_Children:
  - {fileID: 4000011883657772}
  - {fileID: 4000013024404842}
  m_Father: {fileID: 4000014221374762}
  m_RootOrder: 0
--- !u!4 &4000010794416836
Transform:
  m_ObjectHideFlags: 1
  m_PrefabParentObject: {fileID: 0}
  m_PrefabInternal: {fileID: 100100000}
  m_GameObject: {fileID: 1000010378701516}
  m_LocalRotation: {x: 0.04956946, y: -0.3444689, z: 0.13353014, w: 0.9279298}
  m_LocalPosition: {x: 0.13311647, y: 0.05858402, z: 0.12911744}
  m_LocalScale: {x: 1, y: 1, z: 1}
  m_LocalEulerAnglesHint: {x: 0, y: 0, z: 0}
  m_Children: []
  m_Father: {fileID: 4000013635724342}
  m_RootOrder: 0
--- !u!4 &4000010799674028
Transform:
  m_ObjectHideFlags: 1
  m_PrefabParentObject: {fileID: 0}
  m_PrefabInternal: {fileID: 100100000}
  m_GameObject: {fileID: 1000014042809078}
  m_LocalRotation: {x: -0.017758204, y: -0.0062830774, z: -0.18824723, w: 0.981941}
  m_LocalPosition: {x: -0.35574064, y: 6.661338e-17, z: 4.4408918e-17}
  m_LocalScale: {x: 1, y: 1, z: 1}
  m_LocalEulerAnglesHint: {x: 0, y: 0, z: 0}
  m_Children:
  - {fileID: 4000010065445814}
  m_Father: {fileID: 4000013452834750}
  m_RootOrder: 0
--- !u!4 &4000010835643412
Transform:
  m_ObjectHideFlags: 1
  m_PrefabParentObject: {fileID: 0}
  m_PrefabInternal: {fileID: 100100000}
  m_GameObject: {fileID: 1000011317244072}
  m_LocalRotation: {x: -0.7071068, y: -1.7865816e-16, z: -2.1648903e-17, w: 0.7071068}
  m_LocalPosition: {x: -0.00031329063, y: -0.0025319215, z: 0}
  m_LocalScale: {x: 1, y: 1, z: 1}
  m_LocalEulerAnglesHint: {x: 0, y: 0, z: 0}
  m_Children:
  - {fileID: 4000011594274764}
  m_Father: {fileID: 4000010688082528}
  m_RootOrder: 3
--- !u!4 &4000010987024222
Transform:
  m_ObjectHideFlags: 1
  m_PrefabParentObject: {fileID: 0}
  m_PrefabInternal: {fileID: 100100000}
  m_GameObject: {fileID: 1000010031508476}
  m_LocalRotation: {x: -0.11440794, y: 0.35131165, z: 0.02693327, w: 0.9288517}
  m_LocalPosition: {x: -0.3046382, y: 0, z: 0}
  m_LocalScale: {x: 1, y: 1, z: 1}
  m_LocalEulerAnglesHint: {x: 0, y: 0, z: 0}
  m_Children:
  - {fileID: 4000013087177956}
  - {fileID: 4000013665303136}
  m_Father: {fileID: 4000012307671112}
  m_RootOrder: 0
--- !u!4 &4000011319860610
Transform:
  m_ObjectHideFlags: 1
  m_PrefabParentObject: {fileID: 0}
  m_PrefabInternal: {fileID: 100100000}
  m_GameObject: {fileID: 1000012491829518}
  m_LocalRotation: {x: 0.051936455, y: 0.0044361367, z: 0.99655384, w: 0.06452476}
  m_LocalPosition: {x: 0.08797382, y: 2.2009033e-17, z: -0.15381803}
  m_LocalScale: {x: 1, y: 1, z: 1}
  m_LocalEulerAnglesHint: {x: 0, y: 0, z: 0}
  m_Children:
  - {fileID: 4000012762075244}
  m_Father: {fileID: 4000010143244544}
  m_RootOrder: 0
--- !u!4 &4000011341016924
Transform:
  m_ObjectHideFlags: 1
  m_PrefabParentObject: {fileID: 0}
  m_PrefabInternal: {fileID: 100100000}
  m_GameObject: {fileID: 1000013918798946}
  m_LocalRotation: {x: 2.4980018e-16, y: -1.6653345e-16, z: 5.068168e-14, w: 1}
  m_LocalPosition: {x: -0.11993212, y: 9.405505e-19, z: 4.10881e-16}
  m_LocalScale: {x: 1, y: 1, z: 1}
  m_LocalEulerAnglesHint: {x: 0, y: 0, z: 0}
  m_Children:
  - {fileID: 4000013736922016}
  m_Father: {fileID: 4000012292070514}
  m_RootOrder: 0
--- !u!4 &4000011369408542
Transform:
  m_ObjectHideFlags: 1
  m_PrefabParentObject: {fileID: 0}
  m_PrefabInternal: {fileID: 100100000}
  m_GameObject: {fileID: 1000012648696406}
  m_LocalRotation: {x: -2.7755261e-17, y: 0.002735856, z: -0.0006356648, w: 0.99999607}
  m_LocalPosition: {x: -0.19999999, y: 0.00035527156, z: 0.0018277139}
  m_LocalScale: {x: 1, y: 1, z: 1}
  m_LocalEulerAnglesHint: {x: 0, y: 0, z: 0}
  m_Children:
  - {fileID: 4000013430980902}
  m_Father: {fileID: 4000010229503914}
  m_RootOrder: 0
--- !u!4 &4000011401156538
Transform:
  m_ObjectHideFlags: 1
  m_PrefabParentObject: {fileID: 0}
  m_PrefabInternal: {fileID: 100100000}
  m_GameObject: {fileID: 1000011357594586}
  m_LocalRotation: {x: -0.0019475216, y: 0.00034871697, z: -0.17625327, w: 0.9843429}
  m_LocalPosition: {x: -0.08082103, y: -1.11022296e-17, z: -5.32907e-16}
  m_LocalScale: {x: 1, y: 1, z: 1}
  m_LocalEulerAnglesHint: {x: 0, y: 0, z: 0}
  m_Children: []
  m_Father: {fileID: 4000010323486776}
  m_RootOrder: 0
--- !u!4 &4000011481201736
Transform:
  m_ObjectHideFlags: 1
  m_PrefabParentObject: {fileID: 0}
  m_PrefabInternal: {fileID: 100100000}
  m_GameObject: {fileID: 1000011642323642}
  m_LocalRotation: {x: 0, y: -0, z: -0, w: 1}
  m_LocalPosition: {x: -0, y: 0, z: 0}
  m_LocalScale: {x: 1, y: 1, z: 1}
  m_LocalEulerAnglesHint: {x: 0, y: 0, z: 0}
  m_Children: []
  m_Father: {fileID: 4000010688082528}
  m_RootOrder: 2
--- !u!4 &4000011504034230
Transform:
  m_ObjectHideFlags: 1
  m_PrefabParentObject: {fileID: 0}
  m_PrefabInternal: {fileID: 100100000}
  m_GameObject: {fileID: 1000011187603694}
  m_LocalRotation: {x: 0, y: 0, z: 0, w: 1}
  m_LocalPosition: {x: 0, y: 0, z: 0}
  m_LocalScale: {x: 1, y: 1, z: 1}
  m_LocalEulerAnglesHint: {x: 0, y: 0, z: 0}
  m_Children: []
  m_Father: {fileID: 4000011518344016}
  m_RootOrder: 1
--- !u!4 &4000011518344016
Transform:
  m_ObjectHideFlags: 1
  m_PrefabParentObject: {fileID: 0}
  m_PrefabInternal: {fileID: 100100000}
  m_GameObject: {fileID: 1000011516990896}
  m_LocalRotation: {x: -0, y: 0.7071069, z: -0, w: 0.70710677}
  m_LocalPosition: {x: 40.96, y: -0.3299999, z: 0.92}
  m_LocalScale: {x: 1, y: 1, z: 1}
  m_LocalEulerAnglesHint: {x: 0, y: 0, z: 0}
  m_Children:
  - {fileID: 4000012310746188}
  - {fileID: 4000011504034230}
  - {fileID: 4000013729844068}
  - {fileID: 4000010688082528}
  m_Father: {fileID: 0}
  m_RootOrder: 0
--- !u!4 &4000011570611900
Transform:
  m_ObjectHideFlags: 1
  m_PrefabParentObject: {fileID: 0}
  m_PrefabInternal: {fileID: 100100000}
  m_GameObject: {fileID: 1000010763504214}
  m_LocalRotation: {x: -0.0019475216, y: 0.00034871697, z: -0.17625327, w: 0.9843429}
  m_LocalPosition: {x: -0.08082103, y: -1.11022296e-17, z: -5.32907e-16}
  m_LocalScale: {x: 1, y: 1, z: 1}
  m_LocalEulerAnglesHint: {x: 0, y: 0, z: 0}
  m_Children: []
  m_Father: {fileID: 4000011913394792}
  m_RootOrder: 0
--- !u!4 &4000011594274764
Transform:
  m_ObjectHideFlags: 1
  m_PrefabParentObject: {fileID: 0}
  m_PrefabInternal: {fileID: 100100000}
  m_GameObject: {fileID: 1000012156294076}
  m_LocalRotation: {x: -0.49702665, y: 0.5029017, z: 0.50295955, w: 0.49707755}
  m_LocalPosition: {x: 0.0018277139, y: 0.00035527156, z: 0.6715208}
  m_LocalScale: {x: 1, y: 1, z: 1}
  m_LocalEulerAnglesHint: {x: 0, y: 0, z: 0}
  m_Children:
  - {fileID: 4000012211958020}
  m_Father: {fileID: 4000010835643412}
  m_RootOrder: 0
--- !u!4 &4000011864425536
Transform:
  m_ObjectHideFlags: 1
  m_PrefabParentObject: {fileID: 0}
  m_PrefabInternal: {fileID: 100100000}
  m_GameObject: {fileID: 1000013744322082}
  m_LocalRotation: {x: 0.773254, y: 0.011800856, z: 0.6338687, w: 0.012226462}
  m_LocalPosition: {x: -0.15811534, y: -2.6628004e-17, z: -2.664535e-15}
  m_LocalScale: {x: 1, y: 1, z: 1}
  m_LocalEulerAnglesHint: {x: 0, y: 0, z: 0}
  m_Children:
  - {fileID: 4000012747714114}
  m_Father: {fileID: 4000013430980902}
  m_RootOrder: 0
--- !u!4 &4000011883657772
Transform:
  m_ObjectHideFlags: 1
  m_PrefabParentObject: {fileID: 0}
  m_PrefabInternal: {fileID: 100100000}
  m_GameObject: {fileID: 1000013039575802}
  m_LocalRotation: {x: 0.04956946, y: -0.3444689, z: 0.13353014, w: 0.9279298}
  m_LocalPosition: {x: 0.13311647, y: 0.05858402, z: 0.12911744}
  m_LocalScale: {x: 1, y: 1, z: 1}
  m_LocalEulerAnglesHint: {x: 0, y: 0, z: 0}
  m_Children: []
  m_Father: {fileID: 4000010712264812}
  m_RootOrder: 0
--- !u!4 &4000011913394792
Transform:
  m_ObjectHideFlags: 1
  m_PrefabParentObject: {fileID: 0}
  m_PrefabInternal: {fileID: 100100000}
  m_GameObject: {fileID: 1000012283155168}
  m_LocalRotation: {x: -0.06319286, y: 0.02160209, z: -0.21899158, w: 0.9734386}
  m_LocalPosition: {x: -0.07558902, y: -1.11022296e-16, z: 1.7763567e-16}
  m_LocalScale: {x: 1, y: 1, z: 1}
  m_LocalEulerAnglesHint: {x: 0, y: 0, z: 0}
  m_Children:
  - {fileID: 4000011570611900}
  m_Father: {fileID: 4000013955470168}
  m_RootOrder: 0
--- !u!4 &4000011920209194
Transform:
  m_ObjectHideFlags: 1
  m_PrefabParentObject: {fileID: 0}
  m_PrefabInternal: {fileID: 100100000}
  m_GameObject: {fileID: 1000011168747072}
  m_LocalRotation: {x: 0.08489061, y: 0.9952297, z: -0.0042113, w: 0.04789252}
  m_LocalPosition: {x: 0.09265184, y: -6.166237e-17, z: 0.15104656}
  m_LocalScale: {x: 1, y: 1, z: 1}
  m_LocalEulerAnglesHint: {x: 0, y: 0, z: 0}
  m_Children:
  - {fileID: 4000012511454712}
  m_Father: {fileID: 4000010143244544}
  m_RootOrder: 1
--- !u!4 &4000011998324906
Transform:
  m_ObjectHideFlags: 1
  m_PrefabParentObject: {fileID: 0}
  m_PrefabInternal: {fileID: 100100000}
  m_GameObject: {fileID: 1000014094925600}
  m_LocalRotation: {x: -0.17625251, y: 0.9843448, z: 0.000121033256, w: -0.0006759533}
  m_LocalPosition: {x: -0.08082091, y: 0, z: -1.3322676e-16}
  m_LocalScale: {x: 1, y: 1, z: 1}
  m_LocalEulerAnglesHint: {x: 0, y: 0, z: 0}
  m_Children: []
  m_Father: {fileID: 4000013842449984}
  m_RootOrder: 0
--- !u!4 &4000012025039726
Transform:
  m_ObjectHideFlags: 1
  m_PrefabParentObject: {fileID: 0}
  m_PrefabInternal: {fileID: 100100000}
  m_GameObject: {fileID: 1000014013646454}
  m_LocalRotation: {x: -0.11440794, y: 0.35131165, z: 0.02693327, w: 0.9288517}
  m_LocalPosition: {x: -0.3046382, y: 0, z: 0}
  m_LocalScale: {x: 1, y: 1, z: 1}
  m_LocalEulerAnglesHint: {x: 0, y: 0, z: 0}
  m_Children:
  - {fileID: 4000013369825156}
  - {fileID: 4000012057329572}
  m_Father: {fileID: 4000012747714114}
  m_RootOrder: 0
--- !u!4 &4000012057329572
Transform:
  m_ObjectHideFlags: 1
  m_PrefabParentObject: {fileID: 0}
  m_PrefabInternal: {fileID: 100100000}
  m_GameObject: {fileID: 1000012098935440}
  m_LocalRotation: {x: 0.015772175, y: 0.038147654, z: 0.1447157, w: 0.9886119}
  m_LocalPosition: {x: -0.1447477, y: -8.8817837e-17, z: 4.884981e-16}
  m_LocalScale: {x: 1, y: 1, z: 1}
  m_LocalEulerAnglesHint: {x: 0, y: 0, z: 0}
  m_Children: []
  m_Father: {fileID: 4000012025039726}
  m_RootOrder: 1
--- !u!4 &4000012078183436
Transform:
  m_ObjectHideFlags: 1
  m_PrefabParentObject: {fileID: 0}
  m_PrefabInternal: {fileID: 100100000}
  m_GameObject: {fileID: 1000013700263030}
  m_LocalRotation: {x: -0.0049850224, y: 0.35687104, z: -0.018577458, w: 0.9339556}
  m_LocalPosition: {x: 0.12648699, y: -0.0013641136, z: 0.09486646}
  m_LocalScale: {x: 1, y: 1, z: 1}
  m_LocalEulerAnglesHint: {x: 0, y: 0, z: 0}
  m_Children:
  - {fileID: 4000014221374762}
  m_Father: {fileID: 4000012132617052}
  m_RootOrder: 2
--- !u!4 &4000012132617052
Transform:
  m_ObjectHideFlags: 1
  m_PrefabParentObject: {fileID: 0}
  m_PrefabInternal: {fileID: 100100000}
  m_GameObject: {fileID: 1000013114899670}
  m_LocalRotation: {x: -0.0017134015, y: -0.5846814, z: 0.001511075, w: 0.8112598}
  m_LocalPosition: {x: -0.14999999, y: 1.2776237e-16, z: -1.4402864e-20}
  m_LocalScale: {x: 1, y: 1, z: 1}
  m_LocalEulerAnglesHint: {x: 0, y: 0, z: 0}
  m_Children:
  - {fileID: 4000010162905370}
  - {fileID: 4000013173106524}
  - {fileID: 4000012078183436}
  m_Father: {fileID: 4000010343768354}
  m_RootOrder: 0
--- !u!4 &4000012139493810
Transform:
  m_ObjectHideFlags: 1
  m_PrefabParentObject: {fileID: 0}
  m_PrefabInternal: {fileID: 100100000}
  m_GameObject: {fileID: 1000010300331800}
  m_LocalRotation: {x: -0.0028878164, y: 0.005607399, z: -0.45231745, w: 0.89183474}
  m_LocalPosition: {x: -0.30742452, y: 3.1086242e-16, z: 8.8817837e-17}
  m_LocalScale: {x: 1, y: 1, z: 1}
  m_LocalEulerAnglesHint: {x: 0, y: 0, z: 0}
  m_Children:
  - {fileID: 4000010323486776}
  m_Father: {fileID: 4000012762075244}
  m_RootOrder: 0
--- !u!4 &4000012211958020
Transform:
  m_ObjectHideFlags: 1
  m_PrefabParentObject: {fileID: 0}
  m_PrefabInternal: {fileID: 100100000}
  m_GameObject: {fileID: 1000012520018506}
  m_LocalRotation: {x: 0.7071074, y: -0.004542808, z: -0.0042871614, w: 0.70707864}
  m_LocalPosition: {x: -0.17138629, y: -0.0018274761, z: 0.00035527156}
  m_LocalScale: {x: 1, y: 1, z: 1}
  m_LocalEulerAnglesHint: {x: 0, y: 0, z: 0}
  m_Children:
  - {fileID: 4000010677058518}
  - {fileID: 4000013452834750}
  - {fileID: 4000013676298822}
  m_Father: {fileID: 4000011594274764}
  m_RootOrder: 0
--- !u!4 &4000012214245022
Transform:
  m_ObjectHideFlags: 1
  m_PrefabParentObject: {fileID: 0}
  m_PrefabInternal: {fileID: 100100000}
  m_GameObject: {fileID: 1000014207771006}
  m_LocalRotation: {x: 0.004758723, y: -0.024755204, z: -0.15324628, w: 0.98786646}
  m_LocalPosition: {x: 0.4033744, y: -0.000000015127588, z: 1.5987211e-15}
  m_LocalScale: {x: 1, y: 1, z: 1}
  m_LocalEulerAnglesHint: {x: 0, y: 0, z: 0}
  m_Children:
  - {fileID: 4000013635724342}
  m_Father: {fileID: 4000010646773712}
  m_RootOrder: 0
--- !u!4 &4000012247365074
Transform:
  m_ObjectHideFlags: 1
  m_PrefabParentObject: {fileID: 0}
  m_PrefabInternal: {fileID: 100100000}
  m_GameObject: {fileID: 1000011956711894}
  m_LocalRotation: {x: 0.041492257, y: 0.016852383, z: 0.47267652, w: 0.8800973}
  m_LocalPosition: {x: -0.30742452, y: -1.11022296e-17, z: -8.8817837e-17}
  m_LocalScale: {x: 1, y: 1, z: 1}
  m_LocalEulerAnglesHint: {x: 0, y: 0, z: 0}
  m_Children:
  - {fileID: 4000013602179982}
  m_Father: {fileID: 4000012511454712}
  m_RootOrder: 0
--- !u!4 &4000012263880280
Transform:
  m_ObjectHideFlags: 1
  m_PrefabParentObject: {fileID: 0}
  m_PrefabInternal: {fileID: 100100000}
  m_GameObject: {fileID: 1000012156072072}
  m_LocalRotation: {x: 0, y: -0, z: -0, w: 1}
  m_LocalPosition: {x: -0, y: 0, z: 0}
  m_LocalScale: {x: 1, y: 1, z: 1}
  m_LocalEulerAnglesHint: {x: 0, y: 0, z: 0}
  m_Children: []
  m_Father: {fileID: 4000010688082528}
  m_RootOrder: 0
--- !u!4 &4000012292070514
Transform:
  m_ObjectHideFlags: 1
  m_PrefabParentObject: {fileID: 0}
  m_PrefabInternal: {fileID: 100100000}
  m_GameObject: {fileID: 1000010896970542}
  m_LocalRotation: {x: 0, y: 0.58471155, z: -0, w: 0.81124127}
  m_LocalPosition: {x: -0.03162248, y: 1.7130467e-15, z: 0.09486842}
  m_LocalScale: {x: 1, y: 1, z: 1}
  m_LocalEulerAnglesHint: {x: 0, y: 0, z: 0}
  m_Children:
  - {fileID: 4000011341016924}
  m_Father: {fileID: 4000013430980902}
  m_RootOrder: 1
--- !u!4 &4000012307671112
Transform:
  m_ObjectHideFlags: 1
  m_PrefabParentObject: {fileID: 0}
  m_PrefabInternal: {fileID: 100100000}
  m_GameObject: {fileID: 1000013841871130}
  m_LocalRotation: {x: 0.004758723, y: -0.024755204, z: -0.15324628, w: 0.98786646}
  m_LocalPosition: {x: -0.4033744, y: -2.7755574e-17, z: 3.5527135e-16}
  m_LocalScale: {x: 1, y: 1, z: 1}
  m_LocalEulerAnglesHint: {x: 0, y: 0, z: 0}
  m_Children:
  - {fileID: 4000010987024222}
  m_Father: {fileID: 4000010162905370}
  m_RootOrder: 0
--- !u!4 &4000012310746188
Transform:
  m_ObjectHideFlags: 1
  m_PrefabParentObject: {fileID: 0}
  m_PrefabInternal: {fileID: 100100000}
  m_GameObject: {fileID: 1000012992347846}
  m_LocalRotation: {x: 0, y: 0, z: 0, w: 1}
  m_LocalPosition: {x: 0, y: 0, z: 0}
  m_LocalScale: {x: 1, y: 1, z: 1}
  m_LocalEulerAnglesHint: {x: 0, y: 0, z: 0}
  m_Children:
  - {fileID: 4000013971517520}
  m_Father: {fileID: 4000011518344016}
  m_RootOrder: 0
--- !u!4 &4000012511454712
Transform:
  m_ObjectHideFlags: 1
  m_PrefabParentObject: {fileID: 0}
  m_PrefabInternal: {fileID: 100100000}
  m_GameObject: {fileID: 1000013070573984}
  m_LocalRotation: {x: -0.017758204, y: -0.0062830774, z: -0.18824723, w: 0.981941}
  m_LocalPosition: {x: -0.35574064, y: 6.661338e-17, z: 4.4408918e-17}
  m_LocalScale: {x: 1, y: 1, z: 1}
  m_LocalEulerAnglesHint: {x: 0, y: 0, z: 0}
  m_Children:
  - {fileID: 4000012247365074}
  m_Father: {fileID: 4000011920209194}
  m_RootOrder: 0
--- !u!4 &4000012747714114
Transform:
  m_ObjectHideFlags: 1
  m_PrefabParentObject: {fileID: 0}
  m_PrefabInternal: {fileID: 100100000}
  m_GameObject: {fileID: 1000011098343320}
  m_LocalRotation: {x: 0.004758723, y: -0.024755204, z: -0.15324628, w: 0.98786646}
  m_LocalPosition: {x: -0.4033744, y: -2.7755574e-17, z: 3.5527135e-16}
  m_LocalScale: {x: 1, y: 1, z: 1}
  m_LocalEulerAnglesHint: {x: 0, y: 0, z: 0}
  m_Children:
  - {fileID: 4000012025039726}
  m_Father: {fileID: 4000011864425536}
  m_RootOrder: 0
--- !u!4 &4000012762075244
Transform:
  m_ObjectHideFlags: 1
  m_PrefabParentObject: {fileID: 0}
  m_PrefabInternal: {fileID: 100100000}
  m_GameObject: {fileID: 1000014220943070}
  m_LocalRotation: {x: -0.00010343891, y: -0.0053266385, z: 0.14560126, w: 0.98932904}
  m_LocalPosition: {x: -0.3557406, y: -1.5543121e-16, z: 3.1086242e-16}
  m_LocalScale: {x: 1, y: 1, z: 1}
  m_LocalEulerAnglesHint: {x: 0, y: 0, z: 0}
  m_Children:
  - {fileID: 4000012139493810}
  m_Father: {fileID: 4000011319860610}
  m_RootOrder: 0
--- !u!4 &4000013024404842
Transform:
  m_ObjectHideFlags: 1
  m_PrefabParentObject: {fileID: 0}
  m_PrefabInternal: {fileID: 100100000}
  m_GameObject: {fileID: 1000013172653906}
  m_LocalRotation: {x: 0.015261726, y: 0.041300368, z: 0.14872251, w: 0.9878983}
  m_LocalPosition: {x: 0.14474726, y: -0.00000006077611, z: -0.00000009528289}
  m_LocalScale: {x: 1, y: 1, z: 1}
  m_LocalEulerAnglesHint: {x: 0, y: 0, z: 0}
  m_Children: []
  m_Father: {fileID: 4000010712264812}
  m_RootOrder: 1
--- !u!4 &4000013087177956
Transform:
  m_ObjectHideFlags: 1
  m_PrefabParentObject: {fileID: 0}
  m_PrefabInternal: {fileID: 100100000}
  m_GameObject: {fileID: 1000012738253896}
  m_LocalRotation: {x: 0.04956946, y: -0.3444689, z: 0.13353014, w: 0.9279298}
  m_LocalPosition: {x: -0.13311802, y: -0.058584508, z: -0.12911776}
  m_LocalScale: {x: 1, y: 1, z: 1}
  m_LocalEulerAnglesHint: {x: 0, y: 0, z: 0}
  m_Children: []
  m_Father: {fileID: 4000010987024222}
  m_RootOrder: 0
--- !u!4 &4000013118730764
Transform:
  m_ObjectHideFlags: 1
  m_PrefabParentObject: {fileID: 0}
  m_PrefabInternal: {fileID: 100100000}
  m_GameObject: {fileID: 1000013721582502}
  m_LocalRotation: {x: -0.49702665, y: 0.5029017, z: 0.50295955, w: 0.49707755}
  m_LocalPosition: {x: 0.0018277139, y: 0.00035527156, z: 0.6715208}
  m_LocalScale: {x: 1, y: 1, z: 1}
  m_LocalEulerAnglesHint: {x: 0, y: 0, z: 0}
  m_Children:
  - {fileID: 4000010143244544}
  m_Father: {fileID: 4000013729844068}
  m_RootOrder: 0
--- !u!4 &4000013173106524
Transform:
  m_ObjectHideFlags: 1
  m_PrefabParentObject: {fileID: 0}
  m_PrefabInternal: {fileID: 100100000}
  m_GameObject: {fileID: 1000011201875046}
  m_LocalRotation: {x: 0, y: 0.58471155, z: -0, w: 0.81124127}
  m_LocalPosition: {x: -0.03162248, y: 1.7130467e-15, z: 0.09486842}
  m_LocalScale: {x: 1, y: 1, z: 1}
  m_LocalEulerAnglesHint: {x: 0, y: 0, z: 0}
  m_Children:
  - {fileID: 4000010559180078}
  m_Father: {fileID: 4000012132617052}
  m_RootOrder: 1
--- !u!4 &4000013304297648
Transform:
  m_ObjectHideFlags: 1
  m_PrefabParentObject: {fileID: 0}
  m_PrefabInternal: {fileID: 100100000}
  m_GameObject: {fileID: 1000010106934054}
  m_LocalRotation: {x: 0.5011355, y: -0.5011355, z: 0.49886197, w: 0.49886197}
  m_LocalPosition: {x: -0.73434746, y: -2.773561e-18, z: 6.2547375e-16}
  m_LocalScale: {x: 1, y: 1, z: 1}
  m_LocalEulerAnglesHint: {x: 0, y: 0, z: 0}
  m_Children: []
  m_Father: {fileID: 4000010559180078}
  m_RootOrder: 0
--- !u!4 &4000013369825156
Transform:
  m_ObjectHideFlags: 1
  m_PrefabParentObject: {fileID: 0}
  m_PrefabInternal: {fileID: 100100000}
  m_GameObject: {fileID: 1000013599724370}
  m_LocalRotation: {x: 0.04956946, y: -0.3444689, z: 0.13353014, w: 0.9279298}
  m_LocalPosition: {x: -0.13311802, y: -0.058584508, z: -0.12911776}
  m_LocalScale: {x: 1, y: 1, z: 1}
  m_LocalEulerAnglesHint: {x: 0, y: 0, z: 0}
  m_Children: []
  m_Father: {fileID: 4000012025039726}
  m_RootOrder: 0
--- !u!4 &4000013430980902
Transform:
  m_ObjectHideFlags: 1
  m_PrefabParentObject: {fileID: 0}
  m_PrefabInternal: {fileID: 100100000}
  m_GameObject: {fileID: 1000013436387848}
  m_LocalRotation: {x: -0.0017134015, y: -0.5846814, z: 0.001511075, w: 0.8112598}
  m_LocalPosition: {x: -0.14999999, y: 1.2776237e-16, z: -1.4402864e-20}
  m_LocalScale: {x: 1, y: 1, z: 1}
  m_LocalEulerAnglesHint: {x: 0, y: 0, z: 0}
  m_Children:
  - {fileID: 4000011864425536}
  - {fileID: 4000012292070514}
  - {fileID: 4000010646773712}
  m_Father: {fileID: 4000011369408542}
  m_RootOrder: 0
--- !u!4 &4000013452834750
Transform:
  m_ObjectHideFlags: 1
  m_PrefabParentObject: {fileID: 0}
  m_PrefabInternal: {fileID: 100100000}
  m_GameObject: {fileID: 1000011140372396}
  m_LocalRotation: {x: 0.08489061, y: 0.9952297, z: -0.0042113, w: 0.04789252}
  m_LocalPosition: {x: 0.09265184, y: -6.166237e-17, z: 0.15104656}
  m_LocalScale: {x: 1, y: 1, z: 1}
  m_LocalEulerAnglesHint: {x: 0, y: 0, z: 0}
  m_Children:
  - {fileID: 4000010799674028}
  m_Father: {fileID: 4000012211958020}
  m_RootOrder: 1
--- !u!4 &4000013602179982
Transform:
  m_ObjectHideFlags: 1
  m_PrefabParentObject: {fileID: 0}
  m_PrefabInternal: {fileID: 100100000}
  m_GameObject: {fileID: 1000010875598890}
  m_LocalRotation: {x: 0.008041365, y: 0.03475744, z: 0.21729186, w: 0.9754545}
  m_LocalPosition: {x: -0.07558903, y: 3.330669e-17, z: 0}
  m_LocalScale: {x: 1, y: 1, z: 1}
  m_LocalEulerAnglesHint: {x: 0, y: 0, z: 0}
  m_Children:
  - {fileID: 4000013890040026}
  m_Father: {fileID: 4000012247365074}
  m_RootOrder: 0
--- !u!4 &4000013635724342
Transform:
  m_ObjectHideFlags: 1
  m_PrefabParentObject: {fileID: 0}
  m_PrefabInternal: {fileID: 100100000}
  m_GameObject: {fileID: 1000012344382728}
  m_LocalRotation: {x: -0.11440794, y: 0.35131165, z: 0.02693327, w: 0.9288517}
  m_LocalPosition: {x: 0.29544672, y: 0.00000052482426, z: -0.0000008939431}
  m_LocalScale: {x: 1, y: 1, z: 1}
  m_LocalEulerAnglesHint: {x: 0, y: 0, z: 0}
  m_Children:
  - {fileID: 4000010794416836}
  - {fileID: 4000013820179276}
  m_Father: {fileID: 4000012214245022}
  m_RootOrder: 0
--- !u!4 &4000013665303136
Transform:
  m_ObjectHideFlags: 1
  m_PrefabParentObject: {fileID: 0}
  m_PrefabInternal: {fileID: 100100000}
  m_GameObject: {fileID: 1000012567389830}
  m_LocalRotation: {x: 0.015772175, y: 0.038147654, z: 0.1447157, w: 0.9886119}
  m_LocalPosition: {x: -0.1447477, y: -8.8817837e-17, z: 4.884981e-16}
  m_LocalScale: {x: 1, y: 1, z: 1}
  m_LocalEulerAnglesHint: {x: 0, y: 0, z: 0}
  m_Children: []
  m_Father: {fileID: 4000010987024222}
  m_RootOrder: 1
--- !u!4 &4000013676298822
Transform:
  m_ObjectHideFlags: 1
  m_PrefabParentObject: {fileID: 0}
  m_PrefabInternal: {fileID: 100100000}
  m_GameObject: {fileID: 1000010555519118}
  m_LocalRotation: {x: -0.000019423227, y: -0.002923146, z: -0.000035777583, w: 0.99999577}
  m_LocalPosition: {x: -0.15966728, y: 0.00035527156, z: 0.0018274988}
  m_LocalScale: {x: 1, y: 1, z: 1}
  m_LocalEulerAnglesHint: {x: 0, y: 0, z: 0}
  m_Children:
  - {fileID: 4000010343768354}
  m_Father: {fileID: 4000012211958020}
  m_RootOrder: 2
--- !u!4 &4000013729844068
Transform:
  m_ObjectHideFlags: 1
  m_PrefabParentObject: {fileID: 0}
  m_PrefabInternal: {fileID: 100100000}
  m_GameObject: {fileID: 1000012938006996}
  m_LocalRotation: {x: -0.7071068, y: -1.7865816e-16, z: -2.1648903e-17, w: 0.7071068}
  m_LocalPosition: {x: -0.00031329063, y: -0.0025319215, z: 0}
  m_LocalScale: {x: 1, y: 1, z: 1}
  m_LocalEulerAnglesHint: {x: 0, y: 0, z: 0}
  m_Children:
  - {fileID: 4000013118730764}
  m_Father: {fileID: 4000011518344016}
  m_RootOrder: 2
--- !u!4 &4000013736922016
Transform:
  m_ObjectHideFlags: 1
  m_PrefabParentObject: {fileID: 0}
  m_PrefabInternal: {fileID: 100100000}
  m_GameObject: {fileID: 1000012487041778}
  m_LocalRotation: {x: 0.5011355, y: -0.5011355, z: 0.49886197, w: 0.49886197}
  m_LocalPosition: {x: -0.73434746, y: -2.773561e-18, z: 6.2547375e-16}
  m_LocalScale: {x: 1, y: 1, z: 1}
  m_LocalEulerAnglesHint: {x: 0, y: 0, z: 0}
  m_Children: []
  m_Father: {fileID: 4000011341016924}
  m_RootOrder: 0
--- !u!4 &4000013820179276
Transform:
  m_ObjectHideFlags: 1
  m_PrefabParentObject: {fileID: 0}
  m_PrefabInternal: {fileID: 100100000}
  m_GameObject: {fileID: 1000010747632434}
  m_LocalRotation: {x: 0.015261726, y: 0.041300368, z: 0.14872251, w: 0.9878983}
  m_LocalPosition: {x: 0.14474726, y: -0.00000006077611, z: -0.00000009528289}
  m_LocalScale: {x: 1, y: 1, z: 1}
  m_LocalEulerAnglesHint: {x: 0, y: 0, z: 0}
  m_Children: []
  m_Father: {fileID: 4000013635724342}
  m_RootOrder: 1
--- !u!4 &4000013842449984
Transform:
  m_ObjectHideFlags: 1
  m_PrefabParentObject: {fileID: 0}
  m_PrefabInternal: {fileID: 100100000}
  m_GameObject: {fileID: 1000010604804388}
  m_LocalRotation: {x: 0.008041365, y: 0.03475744, z: 0.21729186, w: 0.9754545}
  m_LocalPosition: {x: -0.07558903, y: 3.330669e-17, z: 0}
  m_LocalScale: {x: 1, y: 1, z: 1}
  m_LocalEulerAnglesHint: {x: 0, y: 0, z: 0}
  m_Children:
  - {fileID: 4000011998324906}
  m_Father: {fileID: 4000010065445814}
  m_RootOrder: 0
--- !u!4 &4000013884485904
Transform:
  m_ObjectHideFlags: 1
  m_PrefabParentObject: {fileID: 0}
  m_PrefabInternal: {fileID: 100100000}
  m_GameObject: {fileID: 1000013921951466}
  m_LocalRotation: {x: 0, y: -0, z: -0, w: 1}
  m_LocalPosition: {x: -0, y: 0, z: 0}
  m_LocalScale: {x: 1, y: 1, z: 1}
  m_LocalEulerAnglesHint: {x: 0, y: 0, z: 0}
  m_Children: []
  m_Father: {fileID: 4000010688082528}
  m_RootOrder: 1
--- !u!4 &4000013890040026
Transform:
  m_ObjectHideFlags: 1
  m_PrefabParentObject: {fileID: 0}
  m_PrefabInternal: {fileID: 100100000}
  m_GameObject: {fileID: 1000010824026206}
  m_LocalRotation: {x: -0.17625251, y: 0.9843448, z: 0.000121033256, w: -0.0006759533}
  m_LocalPosition: {x: -0.08082091, y: 0, z: -1.3322676e-16}
  m_LocalScale: {x: 1, y: 1, z: 1}
  m_LocalEulerAnglesHint: {x: 0, y: 0, z: 0}
  m_Children: []
  m_Father: {fileID: 4000013602179982}
  m_RootOrder: 0
--- !u!4 &4000013955470168
Transform:
  m_ObjectHideFlags: 1
  m_PrefabParentObject: {fileID: 0}
  m_PrefabInternal: {fileID: 100100000}
  m_GameObject: {fileID: 1000010816970884}
  m_LocalRotation: {x: -0.0028878164, y: 0.005607399, z: -0.45231745, w: 0.89183474}
  m_LocalPosition: {x: -0.30742452, y: 3.1086242e-16, z: 8.8817837e-17}
  m_LocalScale: {x: 1, y: 1, z: 1}
  m_LocalEulerAnglesHint: {x: 0, y: 0, z: 0}
  m_Children:
  - {fileID: 4000011913394792}
  m_Father: {fileID: 4000010040837954}
  m_RootOrder: 0
--- !u!4 &4000013971517520
Transform:
  m_ObjectHideFlags: 1
  m_PrefabParentObject: {fileID: 0}
  m_PrefabInternal: {fileID: 100100000}
  m_GameObject: {fileID: 1000010386695612}
  m_LocalRotation: {x: 0, y: 0, z: 0, w: 1}
  m_LocalPosition: {x: -0, y: 0, z: 0.016852144}
  m_LocalScale: {x: 1, y: 1, z: 1}
  m_LocalEulerAnglesHint: {x: 0, y: 0, z: 0}
  m_Children: []
  m_Father: {fileID: 4000012310746188}
  m_RootOrder: 0
--- !u!4 &4000014221374762
Transform:
  m_ObjectHideFlags: 1
  m_PrefabParentObject: {fileID: 0}
  m_PrefabInternal: {fileID: 100100000}
  m_GameObject: {fileID: 1000010460400538}
  m_LocalRotation: {x: 0.004758723, y: -0.024755204, z: -0.15324628, w: 0.98786646}
  m_LocalPosition: {x: 0.4033744, y: -0.000000015127588, z: 1.5987211e-15}
  m_LocalScale: {x: 1, y: 1, z: 1}
  m_LocalEulerAnglesHint: {x: 0, y: 0, z: 0}
  m_Children:
  - {fileID: 4000010712264812}
  m_Father: {fileID: 4000012078183436}
  m_RootOrder: 0
--- !u!54 &54000013194715492
Rigidbody:
  m_ObjectHideFlags: 1
  m_PrefabParentObject: {fileID: 0}
  m_PrefabInternal: {fileID: 100100000}
  m_GameObject: {fileID: 1000011516990896}
  serializedVersion: 2
  m_Mass: 10
  m_Drag: 0
  m_AngularDrag: 0.05
  m_UseGravity: 0
  m_IsKinematic: 0
  m_Interpolate: 0
  m_Constraints: 120
  m_CollisionDetection: 0
--- !u!95 &95000011634505108
Animator:
  serializedVersion: 3
  m_ObjectHideFlags: 1
  m_PrefabParentObject: {fileID: 0}
  m_PrefabInternal: {fileID: 100100000}
  m_GameObject: {fileID: 1000011516990896}
  m_Enabled: 1
  m_Avatar: {fileID: 9000000, guid: 278593304136bd04eafde1c3ff52613e, type: 3}
  m_Controller: {fileID: 9100000, guid: b5be0683129089e44a535634f204b7f8, type: 2}
  m_CullingMode: 1
  m_UpdateMode: 0
  m_ApplyRootMotion: 0
  m_LinearVelocityBlending: 0
  m_WarningMessage: 
  m_HasTransformHierarchy: 1
  m_AllowConstantClipSamplingOptimization: 1
--- !u!95 &95000012452606068
Animator:
  serializedVersion: 3
  m_ObjectHideFlags: 1
  m_PrefabParentObject: {fileID: 0}
  m_PrefabInternal: {fileID: 100100000}
  m_GameObject: {fileID: 1000010487404096}
  m_Enabled: 0
  m_Avatar: {fileID: 9000000, guid: 278593304136bd04eafde1c3ff52613e, type: 3}
  m_Controller: {fileID: 0}
  m_CullingMode: 1
  m_UpdateMode: 0
  m_ApplyRootMotion: 0
  m_LinearVelocityBlending: 0
  m_WarningMessage: 
  m_HasTransformHierarchy: 1
  m_AllowConstantClipSamplingOptimization: 1
--- !u!114 &114000011519481986
MonoBehaviour:
  m_ObjectHideFlags: 1
  m_PrefabParentObject: {fileID: 0}
  m_PrefabInternal: {fileID: 100100000}
  m_GameObject: {fileID: 1000011516990896}
  m_Enabled: 1
  m_EditorHideFlags: 0
  m_Script: {fileID: 11500000, guid: 2ce2ee6ab06365c4aa8be9f6279a799e, type: 3}
  m_Name: 
  m_EditorClassIdentifier: 
  marker: {fileID: 0}
--- !u!114 &114000011660168598
MonoBehaviour:
  m_ObjectHideFlags: 1
  m_PrefabParentObject: {fileID: 0}
  m_PrefabInternal: {fileID: 100100000}
  m_GameObject: {fileID: 1000011516990896}
  m_Enabled: 1
  m_EditorHideFlags: 0
  m_Script: {fileID: 11500000, guid: 77fb6cbefea433b409a139d19c407320, type: 3}
  m_Name: 
  m_EditorClassIdentifier: 
--- !u!114 &114000013059524704
MonoBehaviour:
  m_ObjectHideFlags: 1
  m_PrefabParentObject: {fileID: 0}
  m_PrefabInternal: {fileID: 100100000}
  m_GameObject: {fileID: 1000011516990896}
  m_Enabled: 1
  m_EditorHideFlags: 0
  m_Script: {fileID: 11500000, guid: ffe122b0ddbe0714cb2cdb8d003303a0, type: 3}
  m_Name: 
  m_EditorClassIdentifier: 
  Alive: 1
  char1: {fileID: 0}
  char2: {fileID: 0}
  mark1: {fileID: 0}
  mark2: {fileID: 0}
  mark3: {fileID: 0}
  selected: 0
  markerSet: 2
  speed: 10
  move: 0
  paused: 0
  tutorial: 1
--- !u!136 &136000011586775874
CapsuleCollider:
  m_ObjectHideFlags: 1
  m_PrefabParentObject: {fileID: 0}
  m_PrefabInternal: {fileID: 100100000}
  m_GameObject: {fileID: 1000011516990896}
  m_Material: {fileID: 0}
  m_IsTrigger: 1
  m_Enabled: 1
  m_Radius: 0.7
  m_Height: 2.5
  m_Direction: 1
  m_Center: {x: 0, y: 0.83, z: 0.39}
--- !u!137 &137000010683355230
SkinnedMeshRenderer:
  m_ObjectHideFlags: 1
  m_PrefabParentObject: {fileID: 0}
  m_PrefabInternal: {fileID: 100100000}
  m_GameObject: {fileID: 1000011187603694}
  m_Enabled: 1
  m_CastShadows: 1
  m_ReceiveShadows: 1
  m_MotionVectors: 1
  m_LightProbeUsage: 1
  m_ReflectionProbeUsage: 1
  m_Materials:
  - {fileID: 2100000, guid: 78f49b01d639e3243a841993b038fa1b, type: 2}
  - {fileID: 2100000, guid: cdcbadd39b215a4469a4bf0cf32f619e, type: 2}
  - {fileID: 2100000, guid: cf0cf62d48950cf47807875ff966395a, type: 2}
  - {fileID: 2100000, guid: 0e0ce0b5d289e7d45aa08b63b5948af0, type: 2}
  m_SubsetIndices: 
  m_StaticBatchRoot: {fileID: 0}
  m_ProbeAnchor: {fileID: 0}
  m_LightProbeVolumeOverride: {fileID: 0}
  m_ScaleInLightmap: 1
  m_PreserveUVs: 0
  m_IgnoreNormalsForChartDetection: 0
  m_ImportantGI: 0
  m_SelectedWireframeHidden: 0
  m_MinimumChartSize: 4
  m_AutoUVMaxDistance: 0.5
  m_AutoUVMaxAngle: 89
  m_LightmapParameters: {fileID: 0}
  m_SortingLayerID: 0
  m_SortingOrder: 0
  serializedVersion: 2
  m_Quality: 0
  m_UpdateWhenOffscreen: 0
  m_SkinnedMotionVectors: 1
  m_Mesh: {fileID: 4300000, guid: 0210920685381564b9314b9795b4aa16, type: 3}
  m_Bones:
  - {fileID: 4000013729844068}
  - {fileID: 4000013118730764}
  - {fileID: 4000010143244544}
  - {fileID: 4000010229503914}
  - {fileID: 4000011369408542}
  - {fileID: 4000013430980902}
  - {fileID: 4000011864425536}
  - {fileID: 4000012747714114}
  - {fileID: 4000012025039726}
  - {fileID: 4000012057329572}
  - {fileID: 4000013369825156}
  - {fileID: 4000012292070514}
  - {fileID: 4000011341016924}
  - {fileID: 4000013736922016}
  - {fileID: 4000010646773712}
  - {fileID: 4000012214245022}
  - {fileID: 4000013635724342}
  - {fileID: 4000013820179276}
  - {fileID: 4000011319860610}
  - {fileID: 4000012762075244}
  - {fileID: 4000012139493810}
  - {fileID: 4000010323486776}
  - {fileID: 4000011401156538}
  - {fileID: 4000011920209194}
  - {fileID: 4000012511454712}
  - {fileID: 4000012247365074}
  - {fileID: 4000013602179982}
  - {fileID: 4000013890040026}
  m_BlendShapeWeights: []
  m_RootBone: {fileID: 4000013729844068}
  m_AABB:
    m_Center: {x: 0.036145806, y: -0.07363844, z: 1.2009174}
    m_Extent: {x: 0.90931565, y: 0.5058521, z: 1.3426846}
  m_DirtyAABB: 0
--- !u!137 &137000012136138438
SkinnedMeshRenderer:
  m_ObjectHideFlags: 1
  m_PrefabParentObject: {fileID: 0}
  m_PrefabInternal: {fileID: 100100000}
  m_GameObject: {fileID: 1000011642323642}
  m_Enabled: 1
  m_CastShadows: 1
  m_ReceiveShadows: 1
  m_MotionVectors: 1
  m_LightProbeUsage: 1
  m_ReflectionProbeUsage: 1
  m_Materials:
  - {fileID: 2100000, guid: 45a8963ba816eec4c96cac4982eae42a, type: 2}
  m_SubsetIndices: 
  m_StaticBatchRoot: {fileID: 0}
  m_ProbeAnchor: {fileID: 0}
  m_LightProbeVolumeOverride: {fileID: 0}
  m_ScaleInLightmap: 1
  m_PreserveUVs: 0
  m_IgnoreNormalsForChartDetection: 0
  m_ImportantGI: 0
  m_SelectedWireframeHidden: 0
  m_MinimumChartSize: 4
  m_AutoUVMaxDistance: 0.5
  m_AutoUVMaxAngle: 89
  m_LightmapParameters: {fileID: 0}
  m_SortingLayerID: 0
  m_SortingOrder: 0
  serializedVersion: 2
  m_Quality: 0
  m_UpdateWhenOffscreen: 0
  m_SkinnedMotionVectors: 1
  m_Mesh: {fileID: 4300002, guid: 278593304136bd04eafde1c3ff52613e, type: 3}
  m_Bones:
  - {fileID: 4000012132617052}
  - {fileID: 4000010162905370}
  - {fileID: 4000013173106524}
  - {fileID: 4000010559180078}
  - {fileID: 4000013304297648}
  - {fileID: 4000012078183436}
  m_BlendShapeWeights: []
  m_RootBone: {fileID: 4000012132617052}
  m_AABB:
    m_Center: {x: -0.19815966, y: -0.11364168, z: 0.5613141}
    m_Extent: {x: 0.51823246, y: 0.47935605, z: 0.55111873}
  m_DirtyAABB: 0
--- !u!137 &137000013911984416
SkinnedMeshRenderer:
  m_ObjectHideFlags: 1
  m_PrefabParentObject: {fileID: 0}
  m_PrefabInternal: {fileID: 100100000}
  m_GameObject: {fileID: 1000012156072072}
  m_Enabled: 1
  m_CastShadows: 1
  m_ReceiveShadows: 1
  m_MotionVectors: 1
  m_LightProbeUsage: 1
  m_ReflectionProbeUsage: 1
  m_Materials:
  - {fileID: 2100000, guid: 45a8963ba816eec4c96cac4982eae42a, type: 2}
  m_SubsetIndices: 
  m_StaticBatchRoot: {fileID: 0}
  m_ProbeAnchor: {fileID: 0}
  m_LightProbeVolumeOverride: {fileID: 0}
  m_ScaleInLightmap: 1
  m_PreserveUVs: 0
  m_IgnoreNormalsForChartDetection: 0
  m_ImportantGI: 0
  m_SelectedWireframeHidden: 0
  m_MinimumChartSize: 4
  m_AutoUVMaxDistance: 0.5
  m_AutoUVMaxAngle: 89
  m_LightmapParameters: {fileID: 0}
  m_SortingLayerID: 0
  m_SortingOrder: 0
  serializedVersion: 2
  m_Quality: 0
  m_UpdateWhenOffscreen: 0
  m_SkinnedMotionVectors: 1
  m_Mesh: {fileID: 4300000, guid: 278593304136bd04eafde1c3ff52613e, type: 3}
  m_Bones:
  - {fileID: 4000010835643412}
  - {fileID: 4000011594274764}
  - {fileID: 4000012211958020}
  - {fileID: 4000013676298822}
  - {fileID: 4000010343768354}
  - {fileID: 4000012132617052}
  - {fileID: 4000010162905370}
  - {fileID: 4000012307671112}
  - {fileID: 4000010987024222}
  - {fileID: 4000013665303136}
  - {fileID: 4000013173106524}
  - {fileID: 4000010559180078}
  - {fileID: 4000013304297648}
  - {fileID: 4000012078183436}
  - {fileID: 4000014221374762}
  - {fileID: 4000010712264812}
  - {fileID: 4000013024404842}
  - {fileID: 4000010677058518}
  - {fileID: 4000010040837954}
  - {fileID: 4000013955470168}
  - {fileID: 4000011913394792}
  - {fileID: 4000011570611900}
  - {fileID: 4000013452834750}
  - {fileID: 4000010799674028}
  - {fileID: 4000010065445814}
  - {fileID: 4000013842449984}
  - {fileID: 4000011998324906}
  m_BlendShapeWeights: []
  m_RootBone: {fileID: 4000010835643412}
  m_AABB:
    m_Center: {x: 0.0017113984, y: -0.11761396, z: 1.088249}
    m_Extent: {x: 0.8480624, y: 0.42757326, z: 1.230016}
  m_DirtyAABB: 0
