%YAML 1.1
%TAG !u! tag:unity3d.com,2011:
--- !u!1001 &100100000
Prefab:
  m_ObjectHideFlags: 1
  serializedVersion: 2
  m_Modification:
    m_TransformParent: {fileID: 0}
    m_Modifications: []
    m_RemovedComponents: []
  m_ParentPrefab: {fileID: 0}
  m_RootGameObject: {fileID: 1000011135743092}
  m_IsPrefabParent: 1
--- !u!1 &1000010106555936
GameObject:
  m_ObjectHideFlags: 1
  m_PrefabParentObject: {fileID: 0}
  m_PrefabInternal: {fileID: 100100000}
  serializedVersion: 4
  m_Component:
  - 4: {fileID: 4000013629656022}
  m_Layer: 0
  m_Name: neck1_JNT
  m_TagString: Untagged
  m_Icon: {fileID: 0}
  m_NavMeshLayer: 0
  m_StaticEditorFlags: 0
  m_IsActive: 1
--- !u!1 &1000010247440070
GameObject:
  m_ObjectHideFlags: 0
  m_PrefabParentObject: {fileID: 0}
  m_PrefabInternal: {fileID: 100100000}
  serializedVersion: 4
  m_Component:
  - 4: {fileID: 4000013138983262}
  m_Layer: 0
  m_Name: Reference_JNT
  m_TagString: Untagged
  m_Icon: {fileID: 0}
  m_NavMeshLayer: 0
  m_StaticEditorFlags: 0
  m_IsActive: 0
--- !u!1 &1000010263250590
GameObject:
  m_ObjectHideFlags: 1
  m_PrefabParentObject: {fileID: 0}
  m_PrefabInternal: {fileID: 100100000}
  serializedVersion: 4
  m_Component:
  - 4: {fileID: 4000012071920098}
  m_Layer: 0
  m_Name: R_shoulder_JNT
  m_TagString: Untagged
  m_Icon: {fileID: 0}
  m_NavMeshLayer: 0
  m_StaticEditorFlags: 0
  m_IsActive: 1
--- !u!1 &1000010280874102
GameObject:
  m_ObjectHideFlags: 1
  m_PrefabParentObject: {fileID: 0}
  m_PrefabInternal: {fileID: 100100000}
  serializedVersion: 4
  m_Component:
  - 4: {fileID: 4000013245980076}
  m_Layer: 0
  m_Name: neck2_JNT
  m_TagString: Untagged
  m_Icon: {fileID: 0}
  m_NavMeshLayer: 0
  m_StaticEditorFlags: 0
  m_IsActive: 1
--- !u!1 &1000010315396976
GameObject:
  m_ObjectHideFlags: 1
  m_PrefabParentObject: {fileID: 0}
  m_PrefabInternal: {fileID: 100100000}
  serializedVersion: 4
  m_Component:
  - 4: {fileID: 4000010137757120}
  m_Layer: 0
  m_Name: root_ctrl
  m_TagString: Untagged
  m_Icon: {fileID: 0}
  m_NavMeshLayer: 0
  m_StaticEditorFlags: 0
  m_IsActive: 1
--- !u!1 &1000010329255190
GameObject:
  m_ObjectHideFlags: 1
  m_PrefabParentObject: {fileID: 0}
  m_PrefabInternal: {fileID: 100100000}
  serializedVersion: 4
  m_Component:
  - 4: {fileID: 4000013824271556}
  m_Layer: 0
  m_Name: L_toetip_JNT
  m_TagString: Untagged
  m_Icon: {fileID: 0}
  m_NavMeshLayer: 0
  m_StaticEditorFlags: 0
  m_IsActive: 1
--- !u!1 &1000010420840998
GameObject:
  m_ObjectHideFlags: 1
  m_PrefabParentObject: {fileID: 0}
  m_PrefabInternal: {fileID: 100100000}
  serializedVersion: 4
  m_Component:
  - 4: {fileID: 4000010946112128}
  m_Layer: 0
  m_Name: spine2_JNT
  m_TagString: Untagged
  m_Icon: {fileID: 0}
  m_NavMeshLayer: 0
  m_StaticEditorFlags: 0
  m_IsActive: 1
--- !u!1 &1000010425928068
GameObject:
  m_ObjectHideFlags: 1
  m_PrefabParentObject: {fileID: 0}
  m_PrefabInternal: {fileID: 100100000}
  serializedVersion: 4
  m_Component:
  - 4: {fileID: 4000013051568608}
  m_Layer: 0
  m_Name: L_thumb_JNT
  m_TagString: Untagged
  m_Icon: {fileID: 0}
  m_NavMeshLayer: 0
  m_StaticEditorFlags: 0
  m_IsActive: 1
--- !u!1 &1000010443028600
GameObject:
  m_ObjectHideFlags: 1
  m_PrefabParentObject: {fileID: 0}
  m_PrefabInternal: {fileID: 100100000}
  serializedVersion: 4
  m_Component:
  - 4: {fileID: 4000010510048386}
  m_Layer: 0
  m_Name: Root_JNT
  m_TagString: Untagged
  m_Icon: {fileID: 0}
  m_NavMeshLayer: 0
  m_StaticEditorFlags: 0
  m_IsActive: 1
--- !u!1 &1000010485970500
GameObject:
  m_ObjectHideFlags: 1
  m_PrefabParentObject: {fileID: 0}
  m_PrefabInternal: {fileID: 100100000}
  serializedVersion: 4
  m_Component:
  - 4: {fileID: 4000010332522116}
  m_Layer: 0
  m_Name: CTRL_global
  m_TagString: Untagged
  m_Icon: {fileID: 0}
  m_NavMeshLayer: 0
  m_StaticEditorFlags: 0
  m_IsActive: 1
--- !u!1 &1000010509522804
GameObject:
  m_ObjectHideFlags: 1
  m_PrefabParentObject: {fileID: 0}
  m_PrefabInternal: {fileID: 100100000}
  serializedVersion: 4
  m_Component:
  - 4: {fileID: 4000010455479792}
  m_Layer: 0
  m_Name: R_thumb_JNT
  m_TagString: Untagged
  m_Icon: {fileID: 0}
  m_NavMeshLayer: 0
  m_StaticEditorFlags: 0
  m_IsActive: 1
--- !u!1 &1000010538583646
GameObject:
  m_ObjectHideFlags: 1
  m_PrefabParentObject: {fileID: 0}
  m_PrefabInternal: {fileID: 100100000}
  serializedVersion: 4
  m_Component:
  - 4: {fileID: 4000012646504832}
  m_Layer: 0
  m_Name: head_JNT
  m_TagString: Untagged
  m_Icon: {fileID: 0}
  m_NavMeshLayer: 0
  m_StaticEditorFlags: 0
  m_IsActive: 1
--- !u!1 &1000010544963232
GameObject:
  m_ObjectHideFlags: 1
  m_PrefabParentObject: {fileID: 0}
  m_PrefabInternal: {fileID: 100100000}
  serializedVersion: 4
  m_Component:
  - 4: {fileID: 4000011749831012}
  m_Layer: 0
  m_Name: R_knee_JNT
  m_TagString: Untagged
  m_Icon: {fileID: 0}
  m_NavMeshLayer: 0
  m_StaticEditorFlags: 0
  m_IsActive: 1
--- !u!1 &1000010600951246
GameObject:
  m_ObjectHideFlags: 1
  m_PrefabParentObject: {fileID: 0}
  m_PrefabInternal: {fileID: 100100000}
  serializedVersion: 4
  m_Component:
  - 4: {fileID: 4000011582462152}
  m_Layer: 0
  m_Name: spine1_JNT
  m_TagString: Untagged
  m_Icon: {fileID: 0}
  m_NavMeshLayer: 0
  m_StaticEditorFlags: 0
  m_IsActive: 1
--- !u!1 &1000010615984192
GameObject:
  m_ObjectHideFlags: 1
  m_PrefabParentObject: {fileID: 0}
  m_PrefabInternal: {fileID: 100100000}
  serializedVersion: 4
  m_Component:
  - 4: {fileID: 4000012239975740}
  m_Layer: 0
  m_Name: R_wrist_JNT
  m_TagString: Untagged
  m_Icon: {fileID: 0}
  m_NavMeshLayer: 0
  m_StaticEditorFlags: 0
  m_IsActive: 1
--- !u!1 &1000010961363740
GameObject:
  m_ObjectHideFlags: 1
  m_PrefabParentObject: {fileID: 0}
  m_PrefabInternal: {fileID: 100100000}
  serializedVersion: 4
  m_Component:
  - 4: {fileID: 4000012591354500}
  m_Layer: 0
  m_Name: L_elbow_JNT
  m_TagString: Untagged
  m_Icon: {fileID: 0}
  m_NavMeshLayer: 0
  m_StaticEditorFlags: 0
  m_IsActive: 1
--- !u!1 &1000010961903442
GameObject:
  m_ObjectHideFlags: 1
  m_PrefabParentObject: {fileID: 0}
  m_PrefabInternal: {fileID: 100100000}
  serializedVersion: 4
  m_Component:
  - 4: {fileID: 4000011597533902}
  m_Layer: 0
  m_Name: spine2_JNT
  m_TagString: Untagged
  m_Icon: {fileID: 0}
  m_NavMeshLayer: 0
  m_StaticEditorFlags: 0
  m_IsActive: 1
--- !u!1 &1000010972351964
GameObject:
  m_ObjectHideFlags: 1
  m_PrefabParentObject: {fileID: 0}
  m_PrefabInternal: {fileID: 100100000}
  serializedVersion: 4
  m_Component:
  - 4: {fileID: 4000011742233518}
  m_Layer: 0
  m_Name: clavicle_JNT
  m_TagString: Untagged
  m_Icon: {fileID: 0}
  m_NavMeshLayer: 0
  m_StaticEditorFlags: 0
  m_IsActive: 1
--- !u!1 &1000011025802502
GameObject:
  m_ObjectHideFlags: 1
  m_PrefabParentObject: {fileID: 0}
  m_PrefabInternal: {fileID: 100100000}
  serializedVersion: 4
  m_Component:
  - 4: {fileID: 4000012707092244}
  m_Layer: 0
  m_Name: L_thumb_JNT
  m_TagString: Untagged
  m_Icon: {fileID: 0}
  m_NavMeshLayer: 0
  m_StaticEditorFlags: 0
  m_IsActive: 1
--- !u!1 &1000011084551406
GameObject:
  m_ObjectHideFlags: 1
  m_PrefabParentObject: {fileID: 0}
  m_PrefabInternal: {fileID: 100100000}
  serializedVersion: 4
  m_Component:
  - 4: {fileID: 4000012704905562}
  m_Layer: 0
  m_Name: L_ankle_JNT
  m_TagString: Untagged
  m_Icon: {fileID: 0}
  m_NavMeshLayer: 0
  m_StaticEditorFlags: 0
  m_IsActive: 1
--- !u!1 &1000011089021460
GameObject:
  m_ObjectHideFlags: 1
  m_PrefabParentObject: {fileID: 0}
  m_PrefabInternal: {fileID: 100100000}
  serializedVersion: 4
  m_Component:
  - 4: {fileID: 4000010539877572}
  m_Layer: 0
  m_Name: spine1_JNT
  m_TagString: Untagged
  m_Icon: {fileID: 0}
  m_NavMeshLayer: 0
  m_StaticEditorFlags: 0
  m_IsActive: 1
--- !u!1 &1000011135743092
GameObject:
  m_ObjectHideFlags: 0
  m_PrefabParentObject: {fileID: 0}
  m_PrefabInternal: {fileID: 100100000}
  serializedVersion: 4
  m_Component:
  - 4: {fileID: 4000011400285746}
  - 95: {fileID: 95000011705096888}
  - 54: {fileID: 54000010384212336}
  - 136: {fileID: 136000012114607652}
  - 114: {fileID: 114000012220005718}
  - 114: {fileID: 114000012631533736}
  - 114: {fileID: 114000012040067282}
  m_Layer: 0
  m_Name: C3
  m_TagString: Tank
  m_Icon: {fileID: 0}
  m_NavMeshLayer: 0
  m_StaticEditorFlags: 0
  m_IsActive: 1
--- !u!1 &1000011236867252
GameObject:
  m_ObjectHideFlags: 1
  m_PrefabParentObject: {fileID: 0}
  m_PrefabInternal: {fileID: 100100000}
  serializedVersion: 4
  m_Component:
  - 4: {fileID: 4000012330682172}
  m_Layer: 0
  m_Name: R_knee_JNT
  m_TagString: Untagged
  m_Icon: {fileID: 0}
  m_NavMeshLayer: 0
  m_StaticEditorFlags: 0
  m_IsActive: 1
--- !u!1 &1000011557799030
GameObject:
  m_ObjectHideFlags: 1
  m_PrefabParentObject: {fileID: 0}
  m_PrefabInternal: {fileID: 100100000}
  serializedVersion: 4
  m_Component:
  - 4: {fileID: 4000013495443994}
  m_Layer: 0
  m_Name: hips_JNT
  m_TagString: Untagged
  m_Icon: {fileID: 0}
  m_NavMeshLayer: 0
  m_StaticEditorFlags: 0
  m_IsActive: 1
--- !u!1 &1000011574924928
GameObject:
  m_ObjectHideFlags: 0
  m_PrefabParentObject: {fileID: 0}
  m_PrefabInternal: {fileID: 100100000}
  serializedVersion: 4
  m_Component:
  - 4: {fileID: 4000010305493722}
  m_Layer: 0
  m_Name: CTRL_global
  m_TagString: Untagged
  m_Icon: {fileID: 0}
  m_NavMeshLayer: 0
  m_StaticEditorFlags: 0
  m_IsActive: 0
--- !u!1 &1000011722029732
GameObject:
  m_ObjectHideFlags: 0
  m_PrefabParentObject: {fileID: 0}
  m_PrefabInternal: {fileID: 100100000}
  serializedVersion: 4
  m_Component:
  - 4: {fileID: 4000013440293004}
  - 137: {fileID: 137000011902602280}
  m_Layer: 0
  m_Name: buff
  m_TagString: Untagged
  m_Icon: {fileID: 0}
  m_NavMeshLayer: 0
  m_StaticEditorFlags: 0
  m_IsActive: 0
--- !u!1 &1000011802125760
GameObject:
  m_ObjectHideFlags: 1
  m_PrefabParentObject: {fileID: 0}
  m_PrefabInternal: {fileID: 100100000}
  serializedVersion: 4
  m_Component:
  - 4: {fileID: 4000011664940480}
  m_Layer: 0
  m_Name: R_thumb_JNT
  m_TagString: Untagged
  m_Icon: {fileID: 0}
  m_NavMeshLayer: 0
  m_StaticEditorFlags: 0
  m_IsActive: 1
--- !u!1 &1000012018032820
GameObject:
  m_ObjectHideFlags: 1
  m_PrefabParentObject: {fileID: 0}
  m_PrefabInternal: {fileID: 100100000}
  serializedVersion: 4
  m_Component:
  - 4: {fileID: 4000011782535036}
  m_Layer: 0
  m_Name: L_shoulder_JNT
  m_TagString: Untagged
  m_Icon: {fileID: 0}
  m_NavMeshLayer: 0
  m_StaticEditorFlags: 0
  m_IsActive: 1
--- !u!1 &1000012072140678
GameObject:
  m_ObjectHideFlags: 1
  m_PrefabParentObject: {fileID: 0}
  m_PrefabInternal: {fileID: 100100000}
  serializedVersion: 4
  m_Component:
  - 4: {fileID: 4000013123997068}
  m_Layer: 0
  m_Name: neck2_JNT
  m_TagString: Untagged
  m_Icon: {fileID: 0}
  m_NavMeshLayer: 0
  m_StaticEditorFlags: 0
  m_IsActive: 1
--- !u!1 &1000012197422576
GameObject:
  m_ObjectHideFlags: 1
  m_PrefabParentObject: {fileID: 0}
  m_PrefabInternal: {fileID: 100100000}
  serializedVersion: 4
  m_Component:
  - 4: {fileID: 4000012229057964}
  m_Layer: 0
  m_Name: R_ball_JNT
  m_TagString: Untagged
  m_Icon: {fileID: 0}
  m_NavMeshLayer: 0
  m_StaticEditorFlags: 0
  m_IsActive: 1
--- !u!1 &1000012453287554
GameObject:
  m_ObjectHideFlags: 1
  m_PrefabParentObject: {fileID: 0}
  m_PrefabInternal: {fileID: 100100000}
  serializedVersion: 4
  m_Component:
  - 4: {fileID: 4000011003325450}
  m_Layer: 0
  m_Name: L_leg_JNT
  m_TagString: Untagged
  m_Icon: {fileID: 0}
  m_NavMeshLayer: 0
  m_StaticEditorFlags: 0
  m_IsActive: 1
--- !u!1 &1000012478108824
GameObject:
  m_ObjectHideFlags: 1
  m_PrefabParentObject: {fileID: 0}
  m_PrefabInternal: {fileID: 100100000}
  serializedVersion: 4
  m_Component:
  - 4: {fileID: 4000014200466818}
  m_Layer: 0
  m_Name: L_leg_JNT
  m_TagString: Untagged
  m_Icon: {fileID: 0}
  m_NavMeshLayer: 0
  m_StaticEditorFlags: 0
  m_IsActive: 1
--- !u!1 &1000012544873066
GameObject:
  m_ObjectHideFlags: 1
  m_PrefabParentObject: {fileID: 0}
  m_PrefabInternal: {fileID: 100100000}
  serializedVersion: 4
  m_Component:
  - 4: {fileID: 4000012385393080}
  m_Layer: 0
  m_Name: head_JNT
  m_TagString: Untagged
  m_Icon: {fileID: 0}
  m_NavMeshLayer: 0
  m_StaticEditorFlags: 0
  m_IsActive: 1
--- !u!1 &1000012656255250
GameObject:
  m_ObjectHideFlags: 1
  m_PrefabParentObject: {fileID: 0}
  m_PrefabInternal: {fileID: 100100000}
  serializedVersion: 4
  m_Component:
  - 4: {fileID: 4000011616740230}
  m_Layer: 0
  m_Name: L_ball_JNT
  m_TagString: Untagged
  m_Icon: {fileID: 0}
  m_NavMeshLayer: 0
  m_StaticEditorFlags: 0
  m_IsActive: 1
--- !u!1 &1000012776661406
GameObject:
  m_ObjectHideFlags: 1
  m_PrefabParentObject: {fileID: 0}
  m_PrefabInternal: {fileID: 100100000}
  serializedVersion: 4
  m_Component:
  - 4: {fileID: 4000011394056376}
  m_Layer: 0
  m_Name: R_toetip_JNT
  m_TagString: Untagged
  m_Icon: {fileID: 0}
  m_NavMeshLayer: 0
  m_StaticEditorFlags: 0
  m_IsActive: 1
--- !u!1 &1000012830080732
GameObject:
  m_ObjectHideFlags: 1
  m_PrefabParentObject: {fileID: 0}
  m_PrefabInternal: {fileID: 100100000}
  serializedVersion: 4
  m_Component:
  - 4: {fileID: 4000010131752430}
  m_Layer: 0
  m_Name: R_hand_JNT
  m_TagString: Untagged
  m_Icon: {fileID: 0}
  m_NavMeshLayer: 0
  m_StaticEditorFlags: 0
  m_IsActive: 1
--- !u!1 &1000012842950752
GameObject:
  m_ObjectHideFlags: 1
  m_PrefabParentObject: {fileID: 0}
  m_PrefabInternal: {fileID: 100100000}
  serializedVersion: 4
  m_Component:
  - 4: {fileID: 4000013915539370}
  m_Layer: 0
  m_Name: R_leg_JNT
  m_TagString: Untagged
  m_Icon: {fileID: 0}
  m_NavMeshLayer: 0
  m_StaticEditorFlags: 0
  m_IsActive: 1
--- !u!1 &1000013062467266
GameObject:
  m_ObjectHideFlags: 1
  m_PrefabParentObject: {fileID: 0}
  m_PrefabInternal: {fileID: 100100000}
  serializedVersion: 4
  m_Component:
  - 4: {fileID: 4000013375185502}
  m_Layer: 0
  m_Name: L_elbow_JNT
  m_TagString: Untagged
  m_Icon: {fileID: 0}
  m_NavMeshLayer: 0
  m_StaticEditorFlags: 0
  m_IsActive: 1
--- !u!1 &1000013091581926
GameObject:
  m_ObjectHideFlags: 1
  m_PrefabParentObject: {fileID: 0}
  m_PrefabInternal: {fileID: 100100000}
  serializedVersion: 4
  m_Component:
  - 4: {fileID: 4000011238135496}
  m_Layer: 0
  m_Name: Reference_JNT
  m_TagString: Untagged
  m_Icon: {fileID: 0}
  m_NavMeshLayer: 0
  m_StaticEditorFlags: 0
  m_IsActive: 1
--- !u!1 &1000013186236726
GameObject:
  m_ObjectHideFlags: 1
  m_PrefabParentObject: {fileID: 0}
  m_PrefabInternal: {fileID: 100100000}
  serializedVersion: 4
  m_Component:
  - 4: {fileID: 4000013023226670}
  m_Layer: 0
  m_Name: clavicle_JNT
  m_TagString: Untagged
  m_Icon: {fileID: 0}
  m_NavMeshLayer: 0
  m_StaticEditorFlags: 0
  m_IsActive: 1
--- !u!1 &1000013191363630
GameObject:
  m_ObjectHideFlags: 1
  m_PrefabParentObject: {fileID: 0}
  m_PrefabInternal: {fileID: 100100000}
  serializedVersion: 4
  m_Component:
  - 4: {fileID: 4000011110706870}
  - 137: {fileID: 137000011680974266}
  m_Layer: 0
  m_Name: character4
  m_TagString: Untagged
  m_Icon: {fileID: 0}
  m_NavMeshLayer: 0
  m_StaticEditorFlags: 0
  m_IsActive: 1
--- !u!1 &1000013206034430
GameObject:
  m_ObjectHideFlags: 1
  m_PrefabParentObject: {fileID: 0}
  m_PrefabInternal: {fileID: 100100000}
  serializedVersion: 4
  m_Component:
  - 4: {fileID: 4000013130822600}
  m_Layer: 0
  m_Name: L_ball_JNT
  m_TagString: Untagged
  m_Icon: {fileID: 0}
  m_NavMeshLayer: 0
  m_StaticEditorFlags: 0
  m_IsActive: 1
--- !u!1 &1000013213814322
GameObject:
  m_ObjectHideFlags: 1
  m_PrefabParentObject: {fileID: 0}
  m_PrefabInternal: {fileID: 100100000}
  serializedVersion: 4
  m_Component:
  - 4: {fileID: 4000012814631168}
  m_Layer: 0
  m_Name: L_shoulder_JNT
  m_TagString: Untagged
  m_Icon: {fileID: 0}
  m_NavMeshLayer: 0
  m_StaticEditorFlags: 0
  m_IsActive: 1
--- !u!1 &1000013236009414
GameObject:
  m_ObjectHideFlags: 1
  m_PrefabParentObject: {fileID: 0}
  m_PrefabInternal: {fileID: 100100000}
  serializedVersion: 4
  m_Component:
  - 4: {fileID: 4000012563719080}
  m_Layer: 0
  m_Name: R_leg_JNT
  m_TagString: Untagged
  m_Icon: {fileID: 0}
  m_NavMeshLayer: 0
  m_StaticEditorFlags: 0
  m_IsActive: 1
--- !u!1 &1000013282955916
GameObject:
  m_ObjectHideFlags: 1
  m_PrefabParentObject: {fileID: 0}
  m_PrefabInternal: {fileID: 100100000}
  serializedVersion: 4
  m_Component:
  - 4: {fileID: 4000011300126784}
  m_Layer: 0
  m_Name: R_hand_JNT
  m_TagString: Untagged
  m_Icon: {fileID: 0}
  m_NavMeshLayer: 0
  m_StaticEditorFlags: 0
  m_IsActive: 1
--- !u!1 &1000013291967440
GameObject:
  m_ObjectHideFlags: 1
  m_PrefabParentObject: {fileID: 0}
  m_PrefabInternal: {fileID: 100100000}
  serializedVersion: 4
  m_Component:
  - 4: {fileID: 4000013616936362}
  m_Layer: 0
  m_Name: L_ankle_JNT
  m_TagString: Untagged
  m_Icon: {fileID: 0}
  m_NavMeshLayer: 0
  m_StaticEditorFlags: 0
  m_IsActive: 1
--- !u!1 &1000013296874880
GameObject:
  m_ObjectHideFlags: 1
  m_PrefabParentObject: {fileID: 0}
  m_PrefabInternal: {fileID: 100100000}
  serializedVersion: 4
  m_Component:
  - 4: {fileID: 4000013745010268}
  m_Layer: 0
  m_Name: R_ankle_JNT
  m_TagString: Untagged
  m_Icon: {fileID: 0}
  m_NavMeshLayer: 0
  m_StaticEditorFlags: 0
  m_IsActive: 1
--- !u!1 &1000013334546544
GameObject:
  m_ObjectHideFlags: 1
  m_PrefabParentObject: {fileID: 0}
  m_PrefabInternal: {fileID: 100100000}
  serializedVersion: 4
  m_Component:
  - 4: {fileID: 4000010621391426}
  m_Layer: 0
  m_Name: R_elbow_JNT
  m_TagString: Untagged
  m_Icon: {fileID: 0}
  m_NavMeshLayer: 0
  m_StaticEditorFlags: 0
  m_IsActive: 1
--- !u!1 &1000013476194998
GameObject:
  m_ObjectHideFlags: 1
  m_PrefabParentObject: {fileID: 0}
  m_PrefabInternal: {fileID: 100100000}
  serializedVersion: 4
  m_Component:
  - 4: {fileID: 4000010652036568}
  m_Layer: 0
  m_Name: Root_JNT
  m_TagString: Untagged
  m_Icon: {fileID: 0}
  m_NavMeshLayer: 0
  m_StaticEditorFlags: 0
  m_IsActive: 1
--- !u!1 &1000013484755576
GameObject:
  m_ObjectHideFlags: 1
  m_PrefabParentObject: {fileID: 0}
  m_PrefabInternal: {fileID: 100100000}
  serializedVersion: 4
  m_Component:
  - 4: {fileID: 4000010402859644}
  m_Layer: 0
  m_Name: L_knee_JNT
  m_TagString: Untagged
  m_Icon: {fileID: 0}
  m_NavMeshLayer: 0
  m_StaticEditorFlags: 0
  m_IsActive: 1
--- !u!1 &1000013572121040
GameObject:
  m_ObjectHideFlags: 1
  m_PrefabParentObject: {fileID: 0}
  m_PrefabInternal: {fileID: 100100000}
  serializedVersion: 4
  m_Component:
  - 4: {fileID: 4000011322774576}
  m_Layer: 0
  m_Name: L_toetip_JNT
  m_TagString: Untagged
  m_Icon: {fileID: 0}
  m_NavMeshLayer: 0
  m_StaticEditorFlags: 0
  m_IsActive: 1
--- !u!1 &1000013592699758
GameObject:
  m_ObjectHideFlags: 1
  m_PrefabParentObject: {fileID: 0}
  m_PrefabInternal: {fileID: 100100000}
  serializedVersion: 4
  m_Component:
  - 4: {fileID: 4000011834726344}
  m_Layer: 0
  m_Name: root_ctrl
  m_TagString: Untagged
  m_Icon: {fileID: 0}
  m_NavMeshLayer: 0
  m_StaticEditorFlags: 0
  m_IsActive: 1
--- !u!1 &1000013694151128
GameObject:
  m_ObjectHideFlags: 0
  m_PrefabParentObject: {fileID: 0}
  m_PrefabInternal: {fileID: 100100000}
  serializedVersion: 4
  m_Component:
  - 4: {fileID: 4000010506220980}
  - 95: {fileID: 95000013762123188}
  m_Layer: 0
  m_Name: buff_model_UNWRAPPED
  m_TagString: Untagged
  m_Icon: {fileID: 0}
  m_NavMeshLayer: 0
  m_StaticEditorFlags: 0
  m_IsActive: 1
--- !u!1 &1000013753853930
GameObject:
  m_ObjectHideFlags: 1
  m_PrefabParentObject: {fileID: 0}
  m_PrefabInternal: {fileID: 100100000}
  serializedVersion: 4
  m_Component:
  - 4: {fileID: 4000014208663584}
  m_Layer: 0
  m_Name: R_wrist_JNT
  m_TagString: Untagged
  m_Icon: {fileID: 0}
  m_NavMeshLayer: 0
  m_StaticEditorFlags: 0
  m_IsActive: 1
--- !u!1 &1000013771369886
GameObject:
  m_ObjectHideFlags: 1
  m_PrefabParentObject: {fileID: 0}
  m_PrefabInternal: {fileID: 100100000}
  serializedVersion: 4
  m_Component:
  - 4: {fileID: 4000010186710636}
  m_Layer: 0
  m_Name: L_hand_JNT
  m_TagString: Untagged
  m_Icon: {fileID: 0}
  m_NavMeshLayer: 0
  m_StaticEditorFlags: 0
  m_IsActive: 1
--- !u!1 &1000013789861264
GameObject:
  m_ObjectHideFlags: 1
  m_PrefabParentObject: {fileID: 0}
  m_PrefabInternal: {fileID: 100100000}
  serializedVersion: 4
  m_Component:
  - 4: {fileID: 4000011922054286}
  m_Layer: 0
  m_Name: R_shoulder_JNT
  m_TagString: Untagged
  m_Icon: {fileID: 0}
  m_NavMeshLayer: 0
  m_StaticEditorFlags: 0
  m_IsActive: 1
--- !u!1 &1000013812581488
GameObject:
  m_ObjectHideFlags: 1
  m_PrefabParentObject: {fileID: 0}
  m_PrefabInternal: {fileID: 100100000}
  serializedVersion: 4
  m_Component:
  - 4: {fileID: 4000013394524000}
  m_Layer: 0
  m_Name: R_ankle_JNT
  m_TagString: Untagged
  m_Icon: {fileID: 0}
  m_NavMeshLayer: 0
  m_StaticEditorFlags: 0
  m_IsActive: 1
--- !u!1 &1000013881048866
GameObject:
  m_ObjectHideFlags: 1
  m_PrefabParentObject: {fileID: 0}
  m_PrefabInternal: {fileID: 100100000}
  serializedVersion: 4
  m_Component:
  - 4: {fileID: 4000014250408614}
  m_Layer: 0
  m_Name: R_ball_JNT
  m_TagString: Untagged
  m_Icon: {fileID: 0}
  m_NavMeshLayer: 0
  m_StaticEditorFlags: 0
  m_IsActive: 1
--- !u!1 &1000013904349300
GameObject:
  m_ObjectHideFlags: 1
  m_PrefabParentObject: {fileID: 0}
  m_PrefabInternal: {fileID: 100100000}
  serializedVersion: 4
  m_Component:
  - 4: {fileID: 4000011192351304}
  m_Layer: 0
  m_Name: hips_JNT
  m_TagString: Untagged
  m_Icon: {fileID: 0}
  m_NavMeshLayer: 0
  m_StaticEditorFlags: 0
  m_IsActive: 1
--- !u!1 &1000013969026312
GameObject:
  m_ObjectHideFlags: 1
  m_PrefabParentObject: {fileID: 0}
  m_PrefabInternal: {fileID: 100100000}
  serializedVersion: 4
  m_Component:
  - 4: {fileID: 4000013594419344}
  m_Layer: 0
  m_Name: R_toetip_JNT
  m_TagString: Untagged
  m_Icon: {fileID: 0}
  m_NavMeshLayer: 0
  m_StaticEditorFlags: 0
  m_IsActive: 1
--- !u!1 &1000013975314068
GameObject:
  m_ObjectHideFlags: 1
  m_PrefabParentObject: {fileID: 0}
  m_PrefabInternal: {fileID: 100100000}
  serializedVersion: 4
  m_Component:
  - 4: {fileID: 4000010558598386}
  m_Layer: 0
  m_Name: L_wrist_JNT
  m_TagString: Untagged
  m_Icon: {fileID: 0}
  m_NavMeshLayer: 0
  m_StaticEditorFlags: 0
  m_IsActive: 1
--- !u!1 &1000013982627682
GameObject:
  m_ObjectHideFlags: 1
  m_PrefabParentObject: {fileID: 0}
  m_PrefabInternal: {fileID: 100100000}
  serializedVersion: 4
  m_Component:
  - 4: {fileID: 4000010303642128}
  m_Layer: 0
  m_Name: L_hand_JNT
  m_TagString: Untagged
  m_Icon: {fileID: 0}
  m_NavMeshLayer: 0
  m_StaticEditorFlags: 0
  m_IsActive: 1
--- !u!1 &1000013994395546
GameObject:
  m_ObjectHideFlags: 1
  m_PrefabParentObject: {fileID: 0}
  m_PrefabInternal: {fileID: 100100000}
  serializedVersion: 4
  m_Component:
  - 4: {fileID: 4000011132912024}
  m_Layer: 0
  m_Name: L_wrist_JNT
  m_TagString: Untagged
  m_Icon: {fileID: 0}
  m_NavMeshLayer: 0
  m_StaticEditorFlags: 0
  m_IsActive: 1
--- !u!1 &1000013994720898
GameObject:
  m_ObjectHideFlags: 1
  m_PrefabParentObject: {fileID: 0}
  m_PrefabInternal: {fileID: 100100000}
  serializedVersion: 4
  m_Component:
  - 4: {fileID: 4000013938658266}
  - 137: {fileID: 137000012251840732}
  m_Layer: 0
  m_Name: pCube1
  m_TagString: Untagged
  m_Icon: {fileID: 0}
  m_NavMeshLayer: 0
  m_StaticEditorFlags: 0
  m_IsActive: 1
--- !u!1 &1000014103849944
GameObject:
  m_ObjectHideFlags: 1
  m_PrefabParentObject: {fileID: 0}
  m_PrefabInternal: {fileID: 100100000}
  serializedVersion: 4
  m_Component:
  - 4: {fileID: 4000010646993992}
  m_Layer: 0
  m_Name: R_elbow_JNT
  m_TagString: Untagged
  m_Icon: {fileID: 0}
  m_NavMeshLayer: 0
  m_StaticEditorFlags: 0
  m_IsActive: 1
--- !u!1 &1000014128387798
GameObject:
  m_ObjectHideFlags: 1
  m_PrefabParentObject: {fileID: 0}
  m_PrefabInternal: {fileID: 100100000}
  serializedVersion: 4
  m_Component:
  - 4: {fileID: 4000014260275284}
  m_Layer: 0
  m_Name: L_knee_JNT
  m_TagString: Untagged
  m_Icon: {fileID: 0}
  m_NavMeshLayer: 0
  m_StaticEditorFlags: 0
  m_IsActive: 1
--- !u!1 &1000014191942400
GameObject:
  m_ObjectHideFlags: 1
  m_PrefabParentObject: {fileID: 0}
  m_PrefabInternal: {fileID: 100100000}
  serializedVersion: 4
  m_Component:
  - 4: {fileID: 4000013108966470}
  m_Layer: 0
  m_Name: neck1_JNT
  m_TagString: Untagged
  m_Icon: {fileID: 0}
  m_NavMeshLayer: 0
  m_StaticEditorFlags: 0
  m_IsActive: 1
--- !u!4 &4000010131752430
Transform:
  m_ObjectHideFlags: 1
  m_PrefabParentObject: {fileID: 0}
  m_PrefabInternal: {fileID: 100100000}
  m_GameObject: {fileID: 1000012830080732}
  m_LocalRotation: {x: 0.04956946, y: -0.3444689, z: 0.13353014, w: 0.9279298}
  m_LocalPosition: {x: 0.13311647, y: 0.05858402, z: 0.12911744}
  m_LocalScale: {x: 1, y: 1, z: 1}
  m_LocalEulerAnglesHint: {x: 0, y: 0, z: 0}
  m_Children: []
  m_Father: {fileID: 4000014208663584}
  m_RootOrder: 0
--- !u!4 &4000010137757120
Transform:
  m_ObjectHideFlags: 1
  m_PrefabParentObject: {fileID: 0}
  m_PrefabInternal: {fileID: 100100000}
  m_GameObject: {fileID: 1000010315396976}
  m_LocalRotation: {x: 0, y: 0, z: 0, w: 1}
  m_LocalPosition: {x: -0, y: 0, z: 0.016852144}
  m_LocalScale: {x: 1, y: 1, z: 1}
  m_LocalEulerAnglesHint: {x: 0, y: 0, z: 0}
  m_Children: []
  m_Father: {fileID: 4000010305493722}
  m_RootOrder: 0
--- !u!4 &4000010186710636
Transform:
  m_ObjectHideFlags: 1
  m_PrefabParentObject: {fileID: 0}
  m_PrefabInternal: {fileID: 100100000}
  m_GameObject: {fileID: 1000013771369886}
  m_LocalRotation: {x: 0.04956946, y: -0.3444689, z: 0.13353014, w: 0.9279298}
  m_LocalPosition: {x: -0.13311802, y: -0.058584508, z: -0.12911776}
  m_LocalScale: {x: 1, y: 1, z: 1}
  m_LocalEulerAnglesHint: {x: 0, y: 0, z: 0}
  m_Children: []
  m_Father: {fileID: 4000011132912024}
  m_RootOrder: 0
--- !u!4 &4000010303642128
Transform:
  m_ObjectHideFlags: 1
  m_PrefabParentObject: {fileID: 0}
  m_PrefabInternal: {fileID: 100100000}
  m_GameObject: {fileID: 1000013982627682}
  m_LocalRotation: {x: 0.04956946, y: -0.3444689, z: 0.13353014, w: 0.9279298}
  m_LocalPosition: {x: -0.13311802, y: -0.058584508, z: -0.12911776}
  m_LocalScale: {x: 1, y: 1, z: 1}
  m_LocalEulerAnglesHint: {x: 0, y: 0, z: 0}
  m_Children: []
  m_Father: {fileID: 4000010558598386}
  m_RootOrder: 0
--- !u!4 &4000010305493722
Transform:
  m_ObjectHideFlags: 1
  m_PrefabParentObject: {fileID: 0}
  m_PrefabInternal: {fileID: 100100000}
  m_GameObject: {fileID: 1000011574924928}
  m_LocalRotation: {x: 0, y: 0, z: 0, w: 1}
  m_LocalPosition: {x: 0, y: 0, z: 0}
  m_LocalScale: {x: 1, y: 1, z: 1}
  m_LocalEulerAnglesHint: {x: 0, y: 0, z: 0}
  m_Children:
  - {fileID: 4000010137757120}
  m_Father: {fileID: 4000011400285746}
  m_RootOrder: 1
--- !u!4 &4000010332522116
Transform:
  m_ObjectHideFlags: 1
  m_PrefabParentObject: {fileID: 0}
  m_PrefabInternal: {fileID: 100100000}
  m_GameObject: {fileID: 1000010485970500}
  m_LocalRotation: {x: 0, y: -0, z: -0, w: 1}
  m_LocalPosition: {x: -0, y: 0, z: 0}
  m_LocalScale: {x: 1, y: 1, z: 1}
  m_LocalEulerAnglesHint: {x: 0, y: 0, z: 0}
  m_Children:
  - {fileID: 4000011834726344}
  m_Father: {fileID: 4000010506220980}
  m_RootOrder: 1
--- !u!4 &4000010402859644
Transform:
  m_ObjectHideFlags: 1
  m_PrefabParentObject: {fileID: 0}
  m_PrefabInternal: {fileID: 100100000}
  m_GameObject: {fileID: 1000013484755576}
  m_LocalRotation: {x: -0.00010343891, y: -0.0053266385, z: 0.14560126, w: 0.98932904}
  m_LocalPosition: {x: -0.3557406, y: -1.5543121e-16, z: 3.1086242e-16}
  m_LocalScale: {x: 1, y: 1, z: 1}
  m_LocalEulerAnglesHint: {x: 0, y: 0, z: 0}
  m_Children:
  - {fileID: 4000012704905562}
  m_Father: {fileID: 4000014200466818}
  m_RootOrder: 0
--- !u!4 &4000010455479792
Transform:
  m_ObjectHideFlags: 1
  m_PrefabParentObject: {fileID: 0}
  m_PrefabInternal: {fileID: 100100000}
  m_GameObject: {fileID: 1000010509522804}
  m_LocalRotation: {x: 0.015261726, y: 0.041300368, z: 0.14872251, w: 0.9878983}
  m_LocalPosition: {x: 0.14474726, y: -0.00000006077611, z: -0.00000009528289}
  m_LocalScale: {x: 1, y: 1, z: 1}
  m_LocalEulerAnglesHint: {x: 0, y: 0, z: 0}
  m_Children: []
  m_Father: {fileID: 4000012239975740}
  m_RootOrder: 1
--- !u!4 &4000010506220980
Transform:
  m_ObjectHideFlags: 1
  m_PrefabParentObject: {fileID: 0}
  m_PrefabInternal: {fileID: 100100000}
  m_GameObject: {fileID: 1000013694151128}
  m_LocalRotation: {x: 0, y: 0, z: 0, w: 1}
  m_LocalPosition: {x: 0, y: 0, z: 0}
  m_LocalScale: {x: 1, y: 1, z: 1}
  m_LocalEulerAnglesHint: {x: 0, y: 0, z: 0}
  m_Children:
  - {fileID: 4000011110706870}
  - {fileID: 4000010332522116}
  - {fileID: 4000013938658266}
  - {fileID: 4000011238135496}
  m_Father: {fileID: 4000011400285746}
  m_RootOrder: 3
--- !u!4 &4000010510048386
Transform:
  m_ObjectHideFlags: 1
  m_PrefabParentObject: {fileID: 0}
  m_PrefabInternal: {fileID: 100100000}
  m_GameObject: {fileID: 1000010443028600}
  m_LocalRotation: {x: -0.49702665, y: 0.5029017, z: 0.50295955, w: 0.49707755}
  m_LocalPosition: {x: 0.0018277139, y: 0.00035527156, z: 0.6715208}
  m_LocalScale: {x: 1, y: 1, z: 1}
  m_LocalEulerAnglesHint: {x: 0, y: 0, z: 0}
  m_Children:
  - {fileID: 4000011192351304}
  m_Father: {fileID: 4000013138983262}
  m_RootOrder: 0
--- !u!4 &4000010539877572
Transform:
  m_ObjectHideFlags: 1
  m_PrefabParentObject: {fileID: 0}
  m_PrefabInternal: {fileID: 100100000}
  m_GameObject: {fileID: 1000011089021460}
  m_LocalRotation: {x: -0.000019423227, y: -0.002923146, z: -0.000035777583, w: 0.99999577}
  m_LocalPosition: {x: -0.15966728, y: 0.00035527156, z: 0.0018274988}
  m_LocalScale: {x: 1, y: 1, z: 1}
  m_LocalEulerAnglesHint: {x: 0, y: 0, z: 0}
  m_Children:
  - {fileID: 4000011597533902}
  m_Father: {fileID: 4000011192351304}
  m_RootOrder: 2
--- !u!4 &4000010558598386
Transform:
  m_ObjectHideFlags: 1
  m_PrefabParentObject: {fileID: 0}
  m_PrefabInternal: {fileID: 100100000}
  m_GameObject: {fileID: 1000013975314068}
  m_LocalRotation: {x: -0.11440794, y: 0.35131165, z: 0.02693327, w: 0.9288517}
  m_LocalPosition: {x: -0.3046382, y: 0, z: 0}
  m_LocalScale: {x: 1, y: 1, z: 1}
  m_LocalEulerAnglesHint: {x: 0, y: 0, z: 0}
  m_Children:
  - {fileID: 4000010303642128}
  - {fileID: 4000013051568608}
  m_Father: {fileID: 4000013375185502}
  m_RootOrder: 0
--- !u!4 &4000010621391426
Transform:
  m_ObjectHideFlags: 1
  m_PrefabParentObject: {fileID: 0}
  m_PrefabInternal: {fileID: 100100000}
  m_GameObject: {fileID: 1000013334546544}
  m_LocalRotation: {x: 0.004758723, y: -0.024755204, z: -0.15324628, w: 0.98786646}
  m_LocalPosition: {x: 0.4033744, y: -0.000000015127588, z: 1.5987211e-15}
  m_LocalScale: {x: 1, y: 1, z: 1}
  m_LocalEulerAnglesHint: {x: 0, y: 0, z: 0}
  m_Children:
  - {fileID: 4000014208663584}
  m_Father: {fileID: 4000012071920098}
  m_RootOrder: 0
--- !u!4 &4000010646993992
Transform:
  m_ObjectHideFlags: 1
  m_PrefabParentObject: {fileID: 0}
  m_PrefabInternal: {fileID: 100100000}
  m_GameObject: {fileID: 1000014103849944}
  m_LocalRotation: {x: 0.004758723, y: -0.024755204, z: -0.15324628, w: 0.98786646}
  m_LocalPosition: {x: 0.4033744, y: -0.000000015127588, z: 1.5987211e-15}
  m_LocalScale: {x: 1, y: 1, z: 1}
  m_LocalEulerAnglesHint: {x: 0, y: 0, z: 0}
  m_Children:
  - {fileID: 4000012239975740}
  m_Father: {fileID: 4000011922054286}
  m_RootOrder: 0
--- !u!4 &4000010652036568
Transform:
  m_ObjectHideFlags: 1
  m_PrefabParentObject: {fileID: 0}
  m_PrefabInternal: {fileID: 100100000}
  m_GameObject: {fileID: 1000013476194998}
  m_LocalRotation: {x: -0.49702665, y: 0.5029017, z: 0.50295955, w: 0.49707755}
  m_LocalPosition: {x: 0.0018277139, y: 0.00035527156, z: 0.6715208}
  m_LocalScale: {x: 1, y: 1, z: 1}
  m_LocalEulerAnglesHint: {x: 0, y: 0, z: 0}
  m_Children:
  - {fileID: 4000013495443994}
  m_Father: {fileID: 4000011238135496}
  m_RootOrder: 0
--- !u!4 &4000010946112128
Transform:
  m_ObjectHideFlags: 1
  m_PrefabParentObject: {fileID: 0}
  m_PrefabInternal: {fileID: 100100000}
  m_GameObject: {fileID: 1000010420840998}
  m_LocalRotation: {x: -2.7755261e-17, y: 0.002735856, z: -0.0006356648, w: 0.99999607}
  m_LocalPosition: {x: -0.19999999, y: 0.00035527156, z: 0.0018277139}
  m_LocalScale: {x: 1, y: 1, z: 1}
  m_LocalEulerAnglesHint: {x: 0, y: 0, z: 0}
  m_Children:
  - {fileID: 4000013023226670}
  m_Father: {fileID: 4000011582462152}
  m_RootOrder: 0
--- !u!4 &4000011003325450
Transform:
  m_ObjectHideFlags: 1
  m_PrefabParentObject: {fileID: 0}
  m_PrefabInternal: {fileID: 100100000}
  m_GameObject: {fileID: 1000012453287554}
  m_LocalRotation: {x: 0.051936455, y: 0.0044361367, z: 0.99655384, w: 0.06452476}
  m_LocalPosition: {x: 0.08797382, y: 2.2009033e-17, z: -0.15381803}
  m_LocalScale: {x: 1, y: 1, z: 1}
  m_LocalEulerAnglesHint: {x: 0, y: 0, z: 0}
  m_Children:
  - {fileID: 4000014260275284}
  m_Father: {fileID: 4000013495443994}
  m_RootOrder: 0
--- !u!4 &4000011110706870
Transform:
  m_ObjectHideFlags: 1
  m_PrefabParentObject: {fileID: 0}
  m_PrefabInternal: {fileID: 100100000}
  m_GameObject: {fileID: 1000013191363630}
  m_LocalRotation: {x: 0, y: -0, z: -0, w: 1}
  m_LocalPosition: {x: -0, y: 0, z: 0}
  m_LocalScale: {x: 1, y: 1, z: 1}
  m_LocalEulerAnglesHint: {x: 0, y: 0, z: 0}
  m_Children: []
  m_Father: {fileID: 4000010506220980}
  m_RootOrder: 0
--- !u!4 &4000011132912024
Transform:
  m_ObjectHideFlags: 1
  m_PrefabParentObject: {fileID: 0}
  m_PrefabInternal: {fileID: 100100000}
  m_GameObject: {fileID: 1000013994395546}
  m_LocalRotation: {x: -0.11440794, y: 0.35131165, z: 0.02693327, w: 0.9288517}
  m_LocalPosition: {x: -0.3046382, y: 0, z: 0}
  m_LocalScale: {x: 1, y: 1, z: 1}
  m_LocalEulerAnglesHint: {x: 0, y: 0, z: 0}
  m_Children:
  - {fileID: 4000010186710636}
  - {fileID: 4000012707092244}
  m_Father: {fileID: 4000012591354500}
  m_RootOrder: 0
--- !u!4 &4000011192351304
Transform:
  m_ObjectHideFlags: 1
  m_PrefabParentObject: {fileID: 0}
  m_PrefabInternal: {fileID: 100100000}
  m_GameObject: {fileID: 1000013904349300}
  m_LocalRotation: {x: 0.7071074, y: -0.004542808, z: -0.0042871614, w: 0.70707864}
  m_LocalPosition: {x: -0.17138629, y: -0.0018274761, z: 0.00035527156}
  m_LocalScale: {x: 1, y: 1, z: 1}
  m_LocalEulerAnglesHint: {x: 0, y: 0, z: 0}
  m_Children:
  - {fileID: 4000014200466818}
  - {fileID: 4000013915539370}
  - {fileID: 4000010539877572}
  m_Father: {fileID: 4000010510048386}
  m_RootOrder: 0
--- !u!4 &4000011238135496
Transform:
  m_ObjectHideFlags: 1
  m_PrefabParentObject: {fileID: 0}
  m_PrefabInternal: {fileID: 100100000}
  m_GameObject: {fileID: 1000013091581926}
  m_LocalRotation: {x: -0.7071068, y: -1.7865816e-16, z: -2.1648903e-17, w: 0.7071068}
  m_LocalPosition: {x: -0.00031329063, y: -0.0025319215, z: 0}
  m_LocalScale: {x: 1, y: 1, z: 1}
  m_LocalEulerAnglesHint: {x: 0, y: 0, z: 0}
  m_Children:
  - {fileID: 4000010652036568}
  m_Father: {fileID: 4000010506220980}
  m_RootOrder: 3
--- !u!4 &4000011300126784
Transform:
  m_ObjectHideFlags: 1
  m_PrefabParentObject: {fileID: 0}
  m_PrefabInternal: {fileID: 100100000}
  m_GameObject: {fileID: 1000013282955916}
  m_LocalRotation: {x: 0.04956946, y: -0.3444689, z: 0.13353014, w: 0.9279298}
  m_LocalPosition: {x: 0.13311647, y: 0.05858402, z: 0.12911744}
  m_LocalScale: {x: 1, y: 1, z: 1}
  m_LocalEulerAnglesHint: {x: 0, y: 0, z: 0}
  m_Children: []
  m_Father: {fileID: 4000012239975740}
  m_RootOrder: 0
--- !u!4 &4000011322774576
Transform:
  m_ObjectHideFlags: 1
  m_PrefabParentObject: {fileID: 0}
  m_PrefabInternal: {fileID: 100100000}
  m_GameObject: {fileID: 1000013572121040}
  m_LocalRotation: {x: -0.0019475216, y: 0.00034871697, z: -0.17625327, w: 0.9843429}
  m_LocalPosition: {x: -0.08082103, y: -1.11022296e-17, z: -5.32907e-16}
  m_LocalScale: {x: 1, y: 1, z: 1}
  m_LocalEulerAnglesHint: {x: 0, y: 0, z: 0}
  m_Children: []
  m_Father: {fileID: 4000013130822600}
  m_RootOrder: 0
--- !u!4 &4000011394056376
Transform:
  m_ObjectHideFlags: 1
  m_PrefabParentObject: {fileID: 0}
  m_PrefabInternal: {fileID: 100100000}
  m_GameObject: {fileID: 1000012776661406}
  m_LocalRotation: {x: -0.17625251, y: 0.9843448, z: 0.000121033256, w: -0.0006759533}
  m_LocalPosition: {x: -0.08082091, y: 0, z: -1.3322676e-16}
  m_LocalScale: {x: 1, y: 1, z: 1}
  m_LocalEulerAnglesHint: {x: 0, y: 0, z: 0}
  m_Children: []
  m_Father: {fileID: 4000014250408614}
  m_RootOrder: 0
--- !u!4 &4000011400285746
Transform:
  m_ObjectHideFlags: 1
  m_PrefabParentObject: {fileID: 0}
  m_PrefabInternal: {fileID: 100100000}
  m_GameObject: {fileID: 1000011135743092}
  m_LocalRotation: {x: -0, y: 0.7071069, z: -0, w: 0.70710677}
  m_LocalPosition: {x: 101.54, y: -0.3299999, z: 0.92}
  m_LocalScale: {x: 1, y: 1, z: 1}
  m_LocalEulerAnglesHint: {x: 0, y: 0, z: 0}
  m_Children:
  - {fileID: 4000013440293004}
  - {fileID: 4000010305493722}
  - {fileID: 4000013138983262}
  - {fileID: 4000010506220980}
  m_Father: {fileID: 0}
  m_RootOrder: 0
--- !u!4 &4000011582462152
Transform:
  m_ObjectHideFlags: 1
  m_PrefabParentObject: {fileID: 0}
  m_PrefabInternal: {fileID: 100100000}
  m_GameObject: {fileID: 1000010600951246}
  m_LocalRotation: {x: -0.000019423227, y: -0.002923146, z: -0.000035777583, w: 0.99999577}
  m_LocalPosition: {x: -0.15966728, y: 0.00035527156, z: 0.0018274988}
  m_LocalScale: {x: 1, y: 1, z: 1}
  m_LocalEulerAnglesHint: {x: 0, y: 0, z: 0}
  m_Children:
  - {fileID: 4000010946112128}
  m_Father: {fileID: 4000013495443994}
  m_RootOrder: 2
--- !u!4 &4000011597533902
Transform:
  m_ObjectHideFlags: 1
  m_PrefabParentObject: {fileID: 0}
  m_PrefabInternal: {fileID: 100100000}
  m_GameObject: {fileID: 1000010961903442}
  m_LocalRotation: {x: -2.7755261e-17, y: 0.002735856, z: -0.0006356648, w: 0.99999607}
  m_LocalPosition: {x: -0.19999999, y: 0.00035527156, z: 0.0018277139}
  m_LocalScale: {x: 1, y: 1, z: 1}
  m_LocalEulerAnglesHint: {x: 0, y: 0, z: 0}
  m_Children:
  - {fileID: 4000011742233518}
  m_Father: {fileID: 4000010539877572}
  m_RootOrder: 0
--- !u!4 &4000011616740230
Transform:
  m_ObjectHideFlags: 1
  m_PrefabParentObject: {fileID: 0}
  m_PrefabInternal: {fileID: 100100000}
  m_GameObject: {fileID: 1000012656255250}
  m_LocalRotation: {x: -0.06319286, y: 0.02160209, z: -0.21899158, w: 0.9734386}
  m_LocalPosition: {x: -0.07558902, y: -1.11022296e-16, z: 1.7763567e-16}
  m_LocalScale: {x: 1, y: 1, z: 1}
  m_LocalEulerAnglesHint: {x: 0, y: 0, z: 0}
  m_Children:
  - {fileID: 4000013824271556}
  m_Father: {fileID: 4000012704905562}
  m_RootOrder: 0
--- !u!4 &4000011664940480
Transform:
  m_ObjectHideFlags: 1
  m_PrefabParentObject: {fileID: 0}
  m_PrefabInternal: {fileID: 100100000}
  m_GameObject: {fileID: 1000011802125760}
  m_LocalRotation: {x: 0.015261726, y: 0.041300368, z: 0.14872251, w: 0.9878983}
  m_LocalPosition: {x: 0.14474726, y: -0.00000006077611, z: -0.00000009528289}
  m_LocalScale: {x: 1, y: 1, z: 1}
  m_LocalEulerAnglesHint: {x: 0, y: 0, z: 0}
  m_Children: []
  m_Father: {fileID: 4000014208663584}
  m_RootOrder: 1
--- !u!4 &4000011742233518
Transform:
  m_ObjectHideFlags: 1
  m_PrefabParentObject: {fileID: 0}
  m_PrefabInternal: {fileID: 100100000}
  m_GameObject: {fileID: 1000010972351964}
  m_LocalRotation: {x: -0.0017134015, y: -0.5846814, z: 0.001511075, w: 0.8112598}
  m_LocalPosition: {x: -0.14999999, y: 1.2776237e-16, z: -1.4402864e-20}
  m_LocalScale: {x: 1, y: 1, z: 1}
  m_LocalEulerAnglesHint: {x: 0, y: 0, z: 0}
  m_Children:
  - {fileID: 4000012814631168}
  - {fileID: 4000013108966470}
  - {fileID: 4000012071920098}
  m_Father: {fileID: 4000011597533902}
  m_RootOrder: 0
--- !u!4 &4000011749831012
Transform:
  m_ObjectHideFlags: 1
  m_PrefabParentObject: {fileID: 0}
  m_PrefabInternal: {fileID: 100100000}
  m_GameObject: {fileID: 1000010544963232}
  m_LocalRotation: {x: -0.017758204, y: -0.0062830774, z: -0.18824723, w: 0.981941}
  m_LocalPosition: {x: -0.35574064, y: 6.661338e-17, z: 4.4408918e-17}
  m_LocalScale: {x: 1, y: 1, z: 1}
  m_LocalEulerAnglesHint: {x: 0, y: 0, z: 0}
  m_Children:
  - {fileID: 4000013394524000}
  m_Father: {fileID: 4000012563719080}
  m_RootOrder: 0
--- !u!4 &4000011782535036
Transform:
  m_ObjectHideFlags: 1
  m_PrefabParentObject: {fileID: 0}
  m_PrefabInternal: {fileID: 100100000}
  m_GameObject: {fileID: 1000012018032820}
  m_LocalRotation: {x: 0.773254, y: 0.011800856, z: 0.6338687, w: 0.012226462}
  m_LocalPosition: {x: -0.15811534, y: -2.6628004e-17, z: -2.664535e-15}
  m_LocalScale: {x: 1, y: 1, z: 1}
  m_LocalEulerAnglesHint: {x: 0, y: 0, z: 0}
  m_Children:
  - {fileID: 4000012591354500}
  m_Father: {fileID: 4000013023226670}
  m_RootOrder: 0
--- !u!4 &4000011834726344
Transform:
  m_ObjectHideFlags: 1
  m_PrefabParentObject: {fileID: 0}
  m_PrefabInternal: {fileID: 100100000}
  m_GameObject: {fileID: 1000013592699758}
  m_LocalRotation: {x: 0, y: -0, z: -0, w: 1}
  m_LocalPosition: {x: -0, y: 0, z: 0.016852144}
  m_LocalScale: {x: 1, y: 1, z: 1}
  m_LocalEulerAnglesHint: {x: 0, y: 0, z: 0}
  m_Children: []
  m_Father: {fileID: 4000010332522116}
  m_RootOrder: 0
--- !u!4 &4000011922054286
Transform:
  m_ObjectHideFlags: 1
  m_PrefabParentObject: {fileID: 0}
  m_PrefabInternal: {fileID: 100100000}
  m_GameObject: {fileID: 1000013789861264}
  m_LocalRotation: {x: -0.0049850224, y: 0.35687104, z: -0.018577458, w: 0.9339556}
  m_LocalPosition: {x: 0.12648699, y: -0.0013641136, z: 0.09486646}
  m_LocalScale: {x: 1, y: 1, z: 1}
  m_LocalEulerAnglesHint: {x: 0, y: 0, z: 0}
  m_Children:
  - {fileID: 4000010646993992}
  m_Father: {fileID: 4000013023226670}
  m_RootOrder: 2
--- !u!4 &4000012071920098
Transform:
  m_ObjectHideFlags: 1
  m_PrefabParentObject: {fileID: 0}
  m_PrefabInternal: {fileID: 100100000}
  m_GameObject: {fileID: 1000010263250590}
  m_LocalRotation: {x: -0.0049850224, y: 0.35687104, z: -0.018577458, w: 0.9339556}
  m_LocalPosition: {x: 0.12648699, y: -0.0013641136, z: 0.09486646}
  m_LocalScale: {x: 1, y: 1, z: 1}
  m_LocalEulerAnglesHint: {x: 0, y: 0, z: 0}
  m_Children:
  - {fileID: 4000010621391426}
  m_Father: {fileID: 4000011742233518}
  m_RootOrder: 2
--- !u!4 &4000012229057964
Transform:
  m_ObjectHideFlags: 1
  m_PrefabParentObject: {fileID: 0}
  m_PrefabInternal: {fileID: 100100000}
  m_GameObject: {fileID: 1000012197422576}
  m_LocalRotation: {x: 0.008041365, y: 0.03475744, z: 0.21729186, w: 0.9754545}
  m_LocalPosition: {x: -0.07558903, y: 3.330669e-17, z: 0}
  m_LocalScale: {x: 1, y: 1, z: 1}
  m_LocalEulerAnglesHint: {x: 0, y: 0, z: 0}
  m_Children:
  - {fileID: 4000013594419344}
  m_Father: {fileID: 4000013394524000}
  m_RootOrder: 0
--- !u!4 &4000012239975740
Transform:
  m_ObjectHideFlags: 1
  m_PrefabParentObject: {fileID: 0}
  m_PrefabInternal: {fileID: 100100000}
  m_GameObject: {fileID: 1000010615984192}
  m_LocalRotation: {x: -0.11440794, y: 0.35131165, z: 0.02693327, w: 0.9288517}
  m_LocalPosition: {x: 0.29544672, y: 0.00000052482426, z: -0.0000008939431}
  m_LocalScale: {x: 1, y: 1, z: 1}
  m_LocalEulerAnglesHint: {x: 0, y: 0, z: 0}
  m_Children:
  - {fileID: 4000011300126784}
  - {fileID: 4000010455479792}
  m_Father: {fileID: 4000010646993992}
  m_RootOrder: 0
--- !u!4 &4000012330682172
Transform:
  m_ObjectHideFlags: 1
  m_PrefabParentObject: {fileID: 0}
  m_PrefabInternal: {fileID: 100100000}
  m_GameObject: {fileID: 1000011236867252}
  m_LocalRotation: {x: -0.017758204, y: -0.0062830774, z: -0.18824723, w: 0.981941}
  m_LocalPosition: {x: -0.35574064, y: 6.661338e-17, z: 4.4408918e-17}
  m_LocalScale: {x: 1, y: 1, z: 1}
  m_LocalEulerAnglesHint: {x: 0, y: 0, z: 0}
  m_Children:
  - {fileID: 4000013745010268}
  m_Father: {fileID: 4000013915539370}
  m_RootOrder: 0
--- !u!4 &4000012385393080
Transform:
  m_ObjectHideFlags: 1
  m_PrefabParentObject: {fileID: 0}
  m_PrefabInternal: {fileID: 100100000}
  m_GameObject: {fileID: 1000012544873066}
  m_LocalRotation: {x: 0.5011355, y: -0.5011355, z: 0.49886197, w: 0.49886197}
  m_LocalPosition: {x: -0.73434746, y: -2.773561e-18, z: 6.2547375e-16}
  m_LocalScale: {x: 1, y: 1, z: 1}
  m_LocalEulerAnglesHint: {x: 0, y: 0, z: 0}
  m_Children: []
  m_Father: {fileID: 4000013245980076}
  m_RootOrder: 0
--- !u!4 &4000012563719080
Transform:
  m_ObjectHideFlags: 1
  m_PrefabParentObject: {fileID: 0}
  m_PrefabInternal: {fileID: 100100000}
  m_GameObject: {fileID: 1000013236009414}
  m_LocalRotation: {x: 0.08489061, y: 0.9952297, z: -0.0042113, w: 0.04789252}
  m_LocalPosition: {x: 0.09265184, y: -6.166237e-17, z: 0.15104656}
  m_LocalScale: {x: 1, y: 1, z: 1}
  m_LocalEulerAnglesHint: {x: 0, y: 0, z: 0}
  m_Children:
  - {fileID: 4000011749831012}
  m_Father: {fileID: 4000013495443994}
  m_RootOrder: 1
--- !u!4 &4000012591354500
Transform:
  m_ObjectHideFlags: 1
  m_PrefabParentObject: {fileID: 0}
  m_PrefabInternal: {fileID: 100100000}
  m_GameObject: {fileID: 1000010961363740}
  m_LocalRotation: {x: 0.004758723, y: -0.024755204, z: -0.15324628, w: 0.98786646}
  m_LocalPosition: {x: -0.4033744, y: -2.7755574e-17, z: 3.5527135e-16}
  m_LocalScale: {x: 1, y: 1, z: 1}
  m_LocalEulerAnglesHint: {x: 0, y: 0, z: 0}
  m_Children:
  - {fileID: 4000011132912024}
  m_Father: {fileID: 4000011782535036}
  m_RootOrder: 0
--- !u!4 &4000012646504832
Transform:
  m_ObjectHideFlags: 1
  m_PrefabParentObject: {fileID: 0}
  m_PrefabInternal: {fileID: 100100000}
  m_GameObject: {fileID: 1000010538583646}
  m_LocalRotation: {x: 0.5011355, y: -0.5011355, z: 0.49886197, w: 0.49886197}
  m_LocalPosition: {x: -0.73434746, y: -2.773561e-18, z: 6.2547375e-16}
  m_LocalScale: {x: 1, y: 1, z: 1}
  m_LocalEulerAnglesHint: {x: 0, y: 0, z: 0}
  m_Children: []
  m_Father: {fileID: 4000013123997068}
  m_RootOrder: 0
--- !u!4 &4000012704905562
Transform:
  m_ObjectHideFlags: 1
  m_PrefabParentObject: {fileID: 0}
  m_PrefabInternal: {fileID: 100100000}
  m_GameObject: {fileID: 1000011084551406}
  m_LocalRotation: {x: -0.0028878164, y: 0.005607399, z: -0.45231745, w: 0.89183474}
  m_LocalPosition: {x: -0.30742452, y: 3.1086242e-16, z: 8.8817837e-17}
  m_LocalScale: {x: 1, y: 1, z: 1}
  m_LocalEulerAnglesHint: {x: 0, y: 0, z: 0}
  m_Children:
  - {fileID: 4000011616740230}
  m_Father: {fileID: 4000010402859644}
  m_RootOrder: 0
--- !u!4 &4000012707092244
Transform:
  m_ObjectHideFlags: 1
  m_PrefabParentObject: {fileID: 0}
  m_PrefabInternal: {fileID: 100100000}
  m_GameObject: {fileID: 1000011025802502}
  m_LocalRotation: {x: 0.015772175, y: 0.038147654, z: 0.1447157, w: 0.9886119}
  m_LocalPosition: {x: -0.1447477, y: -8.8817837e-17, z: 4.884981e-16}
  m_LocalScale: {x: 1, y: 1, z: 1}
  m_LocalEulerAnglesHint: {x: 0, y: 0, z: 0}
  m_Children: []
  m_Father: {fileID: 4000011132912024}
  m_RootOrder: 1
--- !u!4 &4000012814631168
Transform:
  m_ObjectHideFlags: 1
  m_PrefabParentObject: {fileID: 0}
  m_PrefabInternal: {fileID: 100100000}
  m_GameObject: {fileID: 1000013213814322}
  m_LocalRotation: {x: 0.773254, y: 0.011800856, z: 0.6338687, w: 0.012226462}
  m_LocalPosition: {x: -0.15811534, y: -2.6628004e-17, z: -2.664535e-15}
  m_LocalScale: {x: 1, y: 1, z: 1}
  m_LocalEulerAnglesHint: {x: 0, y: 0, z: 0}
  m_Children:
  - {fileID: 4000013375185502}
  m_Father: {fileID: 4000011742233518}
  m_RootOrder: 0
--- !u!4 &4000013023226670
Transform:
  m_ObjectHideFlags: 1
  m_PrefabParentObject: {fileID: 0}
  m_PrefabInternal: {fileID: 100100000}
  m_GameObject: {fileID: 1000013186236726}
  m_LocalRotation: {x: -0.0017134015, y: -0.5846814, z: 0.001511075, w: 0.8112598}
  m_LocalPosition: {x: -0.14999999, y: 1.2776237e-16, z: -1.4402864e-20}
  m_LocalScale: {x: 1, y: 1, z: 1}
  m_LocalEulerAnglesHint: {x: 0, y: 0, z: 0}
  m_Children:
  - {fileID: 4000011782535036}
  - {fileID: 4000013629656022}
  - {fileID: 4000011922054286}
  m_Father: {fileID: 4000010946112128}
  m_RootOrder: 0
--- !u!4 &4000013051568608
Transform:
  m_ObjectHideFlags: 1
  m_PrefabParentObject: {fileID: 0}
  m_PrefabInternal: {fileID: 100100000}
  m_GameObject: {fileID: 1000010425928068}
  m_LocalRotation: {x: 0.015772175, y: 0.038147654, z: 0.1447157, w: 0.9886119}
  m_LocalPosition: {x: -0.1447477, y: -8.8817837e-17, z: 4.884981e-16}
  m_LocalScale: {x: 1, y: 1, z: 1}
  m_LocalEulerAnglesHint: {x: 0, y: 0, z: 0}
  m_Children: []
  m_Father: {fileID: 4000010558598386}
  m_RootOrder: 1
--- !u!4 &4000013108966470
Transform:
  m_ObjectHideFlags: 1
  m_PrefabParentObject: {fileID: 0}
  m_PrefabInternal: {fileID: 100100000}
  m_GameObject: {fileID: 1000014191942400}
  m_LocalRotation: {x: 0, y: 0.58471155, z: -0, w: 0.81124127}
  m_LocalPosition: {x: -0.03162248, y: 1.7130467e-15, z: 0.09486842}
  m_LocalScale: {x: 1, y: 1, z: 1}
  m_LocalEulerAnglesHint: {x: 0, y: 0, z: 0}
  m_Children:
  - {fileID: 4000013245980076}
  m_Father: {fileID: 4000011742233518}
  m_RootOrder: 1
--- !u!4 &4000013123997068
Transform:
  m_ObjectHideFlags: 1
  m_PrefabParentObject: {fileID: 0}
  m_PrefabInternal: {fileID: 100100000}
  m_GameObject: {fileID: 1000012072140678}
  m_LocalRotation: {x: 2.4980018e-16, y: -1.6653345e-16, z: 5.068168e-14, w: 1}
  m_LocalPosition: {x: -0.11993212, y: 9.405505e-19, z: 4.10881e-16}
  m_LocalScale: {x: 1, y: 1, z: 1}
  m_LocalEulerAnglesHint: {x: 0, y: 0, z: 0}
  m_Children:
  - {fileID: 4000012646504832}
  m_Father: {fileID: 4000013629656022}
  m_RootOrder: 0
--- !u!4 &4000013130822600
Transform:
  m_ObjectHideFlags: 1
  m_PrefabParentObject: {fileID: 0}
  m_PrefabInternal: {fileID: 100100000}
  m_GameObject: {fileID: 1000013206034430}
  m_LocalRotation: {x: -0.06319286, y: 0.02160209, z: -0.21899158, w: 0.9734386}
  m_LocalPosition: {x: -0.07558902, y: -1.11022296e-16, z: 1.7763567e-16}
  m_LocalScale: {x: 1, y: 1, z: 1}
  m_LocalEulerAnglesHint: {x: 0, y: 0, z: 0}
  m_Children:
  - {fileID: 4000011322774576}
  m_Father: {fileID: 4000013616936362}
  m_RootOrder: 0
--- !u!4 &4000013138983262
Transform:
  m_ObjectHideFlags: 1
  m_PrefabParentObject: {fileID: 0}
  m_PrefabInternal: {fileID: 100100000}
  m_GameObject: {fileID: 1000010247440070}
  m_LocalRotation: {x: -0.7071068, y: -1.7865816e-16, z: -2.1648903e-17, w: 0.7071068}
  m_LocalPosition: {x: -0.00031329063, y: -0.0025319215, z: 0}
  m_LocalScale: {x: 1, y: 1, z: 1}
  m_LocalEulerAnglesHint: {x: 0, y: 0, z: 0}
  m_Children:
  - {fileID: 4000010510048386}
  m_Father: {fileID: 4000011400285746}
  m_RootOrder: 2
--- !u!4 &4000013245980076
Transform:
  m_ObjectHideFlags: 1
  m_PrefabParentObject: {fileID: 0}
  m_PrefabInternal: {fileID: 100100000}
  m_GameObject: {fileID: 1000010280874102}
  m_LocalRotation: {x: 2.4980018e-16, y: -1.6653345e-16, z: 5.068168e-14, w: 1}
  m_LocalPosition: {x: -0.11993212, y: 9.405505e-19, z: 4.10881e-16}
  m_LocalScale: {x: 1, y: 1, z: 1}
  m_LocalEulerAnglesHint: {x: 0, y: 0, z: 0}
  m_Children:
  - {fileID: 4000012385393080}
  m_Father: {fileID: 4000013108966470}
  m_RootOrder: 0
--- !u!4 &4000013375185502
Transform:
  m_ObjectHideFlags: 1
  m_PrefabParentObject: {fileID: 0}
  m_PrefabInternal: {fileID: 100100000}
  m_GameObject: {fileID: 1000013062467266}
  m_LocalRotation: {x: 0.004758723, y: -0.024755204, z: -0.15324628, w: 0.98786646}
  m_LocalPosition: {x: -0.4033744, y: -2.7755574e-17, z: 3.5527135e-16}
  m_LocalScale: {x: 1, y: 1, z: 1}
  m_LocalEulerAnglesHint: {x: 0, y: 0, z: 0}
  m_Children:
  - {fileID: 4000010558598386}
  m_Father: {fileID: 4000012814631168}
  m_RootOrder: 0
--- !u!4 &4000013394524000
Transform:
  m_ObjectHideFlags: 1
  m_PrefabParentObject: {fileID: 0}
  m_PrefabInternal: {fileID: 100100000}
  m_GameObject: {fileID: 1000013812581488}
  m_LocalRotation: {x: 0.041492257, y: 0.016852383, z: 0.47267652, w: 0.8800973}
  m_LocalPosition: {x: -0.30742452, y: -1.11022296e-17, z: -8.8817837e-17}
  m_LocalScale: {x: 1, y: 1, z: 1}
  m_LocalEulerAnglesHint: {x: 0, y: 0, z: 0}
  m_Children:
  - {fileID: 4000012229057964}
  m_Father: {fileID: 4000011749831012}
  m_RootOrder: 0
--- !u!4 &4000013440293004
Transform:
  m_ObjectHideFlags: 1
  m_PrefabParentObject: {fileID: 0}
  m_PrefabInternal: {fileID: 100100000}
  m_GameObject: {fileID: 1000011722029732}
  m_LocalRotation: {x: 0, y: 0, z: 0, w: 1}
  m_LocalPosition: {x: 0, y: 0, z: 0}
  m_LocalScale: {x: 1, y: 1, z: 1}
  m_LocalEulerAnglesHint: {x: 0, y: 0, z: 0}
  m_Children: []
  m_Father: {fileID: 4000011400285746}
  m_RootOrder: 0
--- !u!4 &4000013495443994
Transform:
  m_ObjectHideFlags: 1
  m_PrefabParentObject: {fileID: 0}
  m_PrefabInternal: {fileID: 100100000}
  m_GameObject: {fileID: 1000011557799030}
  m_LocalRotation: {x: 0.7071074, y: -0.004542808, z: -0.0042871614, w: 0.70707864}
  m_LocalPosition: {x: -0.17138629, y: -0.0018274761, z: 0.00035527156}
  m_LocalScale: {x: 1, y: 1, z: 1}
  m_LocalEulerAnglesHint: {x: 0, y: 0, z: 0}
  m_Children:
  - {fileID: 4000011003325450}
  - {fileID: 4000012563719080}
  - {fileID: 4000011582462152}
  m_Father: {fileID: 4000010652036568}
  m_RootOrder: 0
--- !u!4 &4000013594419344
Transform:
  m_ObjectHideFlags: 1
  m_PrefabParentObject: {fileID: 0}
  m_PrefabInternal: {fileID: 100100000}
  m_GameObject: {fileID: 1000013969026312}
  m_LocalRotation: {x: -0.17625251, y: 0.9843448, z: 0.000121033256, w: -0.0006759533}
  m_LocalPosition: {x: -0.08082091, y: 0, z: -1.3322676e-16}
  m_LocalScale: {x: 1, y: 1, z: 1}
  m_LocalEulerAnglesHint: {x: 0, y: 0, z: 0}
  m_Children: []
  m_Father: {fileID: 4000012229057964}
  m_RootOrder: 0
--- !u!4 &4000013616936362
Transform:
  m_ObjectHideFlags: 1
  m_PrefabParentObject: {fileID: 0}
  m_PrefabInternal: {fileID: 100100000}
  m_GameObject: {fileID: 1000013291967440}
  m_LocalRotation: {x: -0.0028878164, y: 0.005607399, z: -0.45231745, w: 0.89183474}
  m_LocalPosition: {x: -0.30742452, y: 3.1086242e-16, z: 8.8817837e-17}
  m_LocalScale: {x: 1, y: 1, z: 1}
  m_LocalEulerAnglesHint: {x: 0, y: 0, z: 0}
  m_Children:
  - {fileID: 4000013130822600}
  m_Father: {fileID: 4000014260275284}
  m_RootOrder: 0
--- !u!4 &4000013629656022
Transform:
  m_ObjectHideFlags: 1
  m_PrefabParentObject: {fileID: 0}
  m_PrefabInternal: {fileID: 100100000}
  m_GameObject: {fileID: 1000010106555936}
  m_LocalRotation: {x: 0, y: 0.58471155, z: -0, w: 0.81124127}
  m_LocalPosition: {x: -0.03162248, y: 1.7130467e-15, z: 0.09486842}
  m_LocalScale: {x: 1, y: 1, z: 1}
  m_LocalEulerAnglesHint: {x: 0, y: 0, z: 0}
  m_Children:
  - {fileID: 4000013123997068}
  m_Father: {fileID: 4000013023226670}
  m_RootOrder: 1
--- !u!4 &4000013745010268
Transform:
  m_ObjectHideFlags: 1
  m_PrefabParentObject: {fileID: 0}
  m_PrefabInternal: {fileID: 100100000}
  m_GameObject: {fileID: 1000013296874880}
  m_LocalRotation: {x: 0.041492257, y: 0.016852383, z: 0.47267652, w: 0.8800973}
  m_LocalPosition: {x: -0.30742452, y: -1.11022296e-17, z: -8.8817837e-17}
  m_LocalScale: {x: 1, y: 1, z: 1}
  m_LocalEulerAnglesHint: {x: 0, y: 0, z: 0}
  m_Children:
  - {fileID: 4000014250408614}
  m_Father: {fileID: 4000012330682172}
  m_RootOrder: 0
--- !u!4 &4000013824271556
Transform:
  m_ObjectHideFlags: 1
  m_PrefabParentObject: {fileID: 0}
  m_PrefabInternal: {fileID: 100100000}
  m_GameObject: {fileID: 1000010329255190}
  m_LocalRotation: {x: -0.0019475216, y: 0.00034871697, z: -0.17625327, w: 0.9843429}
  m_LocalPosition: {x: -0.08082103, y: -1.11022296e-17, z: -5.32907e-16}
  m_LocalScale: {x: 1, y: 1, z: 1}
  m_LocalEulerAnglesHint: {x: 0, y: 0, z: 0}
  m_Children: []
  m_Father: {fileID: 4000011616740230}
  m_RootOrder: 0
--- !u!4 &4000013915539370
Transform:
  m_ObjectHideFlags: 1
  m_PrefabParentObject: {fileID: 0}
  m_PrefabInternal: {fileID: 100100000}
  m_GameObject: {fileID: 1000012842950752}
  m_LocalRotation: {x: 0.08489061, y: 0.9952297, z: -0.0042113, w: 0.04789252}
  m_LocalPosition: {x: 0.09265184, y: -6.166237e-17, z: 0.15104656}
  m_LocalScale: {x: 1, y: 1, z: 1}
  m_LocalEulerAnglesHint: {x: 0, y: 0, z: 0}
  m_Children:
  - {fileID: 4000012330682172}
  m_Father: {fileID: 4000011192351304}
  m_RootOrder: 1
--- !u!4 &4000013938658266
Transform:
  m_ObjectHideFlags: 1
  m_PrefabParentObject: {fileID: 0}
  m_PrefabInternal: {fileID: 100100000}
  m_GameObject: {fileID: 1000013994720898}
  m_LocalRotation: {x: 0, y: -0, z: -0, w: 1}
  m_LocalPosition: {x: -0, y: 0, z: 0}
  m_LocalScale: {x: 1, y: 1, z: 1}
  m_LocalEulerAnglesHint: {x: 0, y: 0, z: 0}
  m_Children: []
  m_Father: {fileID: 4000010506220980}
  m_RootOrder: 2
--- !u!4 &4000014200466818
Transform:
  m_ObjectHideFlags: 1
  m_PrefabParentObject: {fileID: 0}
  m_PrefabInternal: {fileID: 100100000}
  m_GameObject: {fileID: 1000012478108824}
  m_LocalRotation: {x: 0.051936455, y: 0.0044361367, z: 0.99655384, w: 0.06452476}
  m_LocalPosition: {x: 0.08797382, y: 2.2009033e-17, z: -0.15381803}
  m_LocalScale: {x: 1, y: 1, z: 1}
  m_LocalEulerAnglesHint: {x: 0, y: 0, z: 0}
  m_Children:
  - {fileID: 4000010402859644}
  m_Father: {fileID: 4000011192351304}
  m_RootOrder: 0
--- !u!4 &4000014208663584
Transform:
  m_ObjectHideFlags: 1
  m_PrefabParentObject: {fileID: 0}
  m_PrefabInternal: {fileID: 100100000}
  m_GameObject: {fileID: 1000013753853930}
  m_LocalRotation: {x: -0.11440794, y: 0.35131165, z: 0.02693327, w: 0.9288517}
  m_LocalPosition: {x: 0.29544672, y: 0.00000052482426, z: -0.0000008939431}
  m_LocalScale: {x: 1, y: 1, z: 1}
  m_LocalEulerAnglesHint: {x: 0, y: 0, z: 0}
  m_Children:
  - {fileID: 4000010131752430}
  - {fileID: 4000011664940480}
  m_Father: {fileID: 4000010621391426}
  m_RootOrder: 0
--- !u!4 &4000014250408614
Transform:
  m_ObjectHideFlags: 1
  m_PrefabParentObject: {fileID: 0}
  m_PrefabInternal: {fileID: 100100000}
  m_GameObject: {fileID: 1000013881048866}
  m_LocalRotation: {x: 0.008041365, y: 0.03475744, z: 0.21729186, w: 0.9754545}
  m_LocalPosition: {x: -0.07558903, y: 3.330669e-17, z: 0}
  m_LocalScale: {x: 1, y: 1, z: 1}
  m_LocalEulerAnglesHint: {x: 0, y: 0, z: 0}
  m_Children:
  - {fileID: 4000011394056376}
  m_Father: {fileID: 4000013745010268}
  m_RootOrder: 0
--- !u!4 &4000014260275284
Transform:
  m_ObjectHideFlags: 1
  m_PrefabParentObject: {fileID: 0}
  m_PrefabInternal: {fileID: 100100000}
  m_GameObject: {fileID: 1000014128387798}
  m_LocalRotation: {x: -0.00010343891, y: -0.0053266385, z: 0.14560126, w: 0.98932904}
  m_LocalPosition: {x: -0.3557406, y: -1.5543121e-16, z: 3.1086242e-16}
  m_LocalScale: {x: 1, y: 1, z: 1}
  m_LocalEulerAnglesHint: {x: 0, y: 0, z: 0}
  m_Children:
  - {fileID: 4000013616936362}
  m_Father: {fileID: 4000011003325450}
  m_RootOrder: 0
--- !u!54 &54000010384212336
Rigidbody:
  m_ObjectHideFlags: 1
  m_PrefabParentObject: {fileID: 0}
  m_PrefabInternal: {fileID: 100100000}
  m_GameObject: {fileID: 1000011135743092}
  serializedVersion: 2
  m_Mass: 10
  m_Drag: 0
  m_AngularDrag: 0.05
  m_UseGravity: 0
  m_IsKinematic: 0
  m_Interpolate: 0
  m_Constraints: 120
  m_CollisionDetection: 0
--- !u!95 &95000011705096888
Animator:
  serializedVersion: 3
  m_ObjectHideFlags: 1
  m_PrefabParentObject: {fileID: 0}
  m_PrefabInternal: {fileID: 100100000}
  m_GameObject: {fileID: 1000011135743092}
  m_Enabled: 1
  m_Avatar: {fileID: 9000000, guid: af457f36d1eaa954d9d3995035adc314, type: 3}
  m_Controller: {fileID: 9100000, guid: 3e4cc27f2dc698742bd44be537c91ced, type: 2}
  m_CullingMode: 1
  m_UpdateMode: 0
  m_ApplyRootMotion: 0
  m_LinearVelocityBlending: 0
  m_WarningMessage: 
  m_HasTransformHierarchy: 1
  m_AllowConstantClipSamplingOptimization: 1
--- !u!95 &95000013762123188
Animator:
  serializedVersion: 3
  m_ObjectHideFlags: 1
  m_PrefabParentObject: {fileID: 0}
  m_PrefabInternal: {fileID: 100100000}
  m_GameObject: {fileID: 1000013694151128}
  m_Enabled: 0
  m_Avatar: {fileID: 9000000, guid: af457f36d1eaa954d9d3995035adc314, type: 3}
  m_Controller: {fileID: 0}
  m_CullingMode: 1
  m_UpdateMode: 0
  m_ApplyRootMotion: 0
  m_LinearVelocityBlending: 0
  m_WarningMessage: 
  m_HasTransformHierarchy: 1
  m_AllowConstantClipSamplingOptimization: 1
--- !u!114 &114000012040067282
MonoBehaviour:
  m_ObjectHideFlags: 1
  m_PrefabParentObject: {fileID: 0}
  m_PrefabInternal: {fileID: 100100000}
  m_GameObject: {fileID: 1000011135743092}
  m_Enabled: 1
  m_EditorHideFlags: 0
  m_Script: {fileID: 11500000, guid: 90af83376f3937e4b9dc05df0264db45, type: 3}
  m_Name: 
  m_EditorClassIdentifier: 
  marker: {fileID: 0}
--- !u!114 &114000012220005718
MonoBehaviour:
  m_ObjectHideFlags: 1
  m_PrefabParentObject: {fileID: 0}
  m_PrefabInternal: {fileID: 100100000}
  m_GameObject: {fileID: 1000011135743092}
  m_Enabled: 1
  m_EditorHideFlags: 0
  m_Script: {fileID: 11500000, guid: ffe122b0ddbe0714cb2cdb8d003303a0, type: 3}
  m_Name: 
  m_EditorClassIdentifier: 
  Alive: 1
  char1: {fileID: 0}
  char2: {fileID: 0}
  mark1: {fileID: 0}
  mark2: {fileID: 0}
  mark3: {fileID: 0}
  selected: 0
  markerSet: 3
  speed: 10
  move: 0
  paused: 0
  tutorial: 1
--- !u!114 &114000012631533736
MonoBehaviour:
  m_ObjectHideFlags: 1
  m_PrefabParentObject: {fileID: 0}
  m_PrefabInternal: {fileID: 100100000}
  m_GameObject: {fileID: 1000011135743092}
  m_Enabled: 1
  m_EditorHideFlags: 0
  m_Script: {fileID: 11500000, guid: f993813023ae55e45b5553416b6ac8a7, type: 3}
  m_Name: 
  m_EditorClassIdentifier: 
  cam: {fileID: 0}
--- !u!136 &136000012114607652
CapsuleCollider:
  m_ObjectHideFlags: 1
  m_PrefabParentObject: {fileID: 0}
  m_PrefabInternal: {fileID: 100100000}
  m_GameObject: {fileID: 1000011135743092}
  m_Material: {fileID: 0}
  m_IsTrigger: 1
  m_Enabled: 1
  m_Radius: 0.7
  m_Height: 2.5
  m_Direction: 1
  m_Center: {x: 0, y: 0.83, z: 0.39}
--- !u!137 &137000011680974266
SkinnedMeshRenderer:
  m_ObjectHideFlags: 1
  m_PrefabParentObject: {fileID: 0}
  m_PrefabInternal: {fileID: 100100000}
  m_GameObject: {fileID: 1000013191363630}
  m_Enabled: 1
  m_CastShadows: 1
  m_ReceiveShadows: 1
  m_MotionVectors: 1
  m_LightProbeUsage: 1
  m_ReflectionProbeUsage: 1
  m_Materials:
  - {fileID: 2100000, guid: c12e70cbb44988747a6eb290d4f88810, type: 2}
  m_SubsetIndices: 
  m_StaticBatchRoot: {fileID: 0}
  m_ProbeAnchor: {fileID: 0}
  m_LightProbeVolumeOverride: {fileID: 0}
  m_ScaleInLightmap: 1
  m_PreserveUVs: 0
  m_IgnoreNormalsForChartDetection: 0
  m_ImportantGI: 0
  m_SelectedWireframeHidden: 0
  m_MinimumChartSize: 4
  m_AutoUVMaxDistance: 0.5
  m_AutoUVMaxAngle: 89
  m_LightmapParameters: {fileID: 0}
  m_SortingLayerID: 0
  m_SortingOrder: 0
  serializedVersion: 2
  m_Quality: 0
  m_UpdateWhenOffscreen: 0
  m_SkinnedMotionVectors: 1
  m_Mesh: {fileID: 4300002, guid: af457f36d1eaa954d9d3995035adc314, type: 3}
  m_Bones:
  - {fileID: 4000011238135496}
  - {fileID: 4000010652036568}
  - {fileID: 4000013495443994}
  - {fileID: 4000011582462152}
  - {fileID: 4000010946112128}
  - {fileID: 4000013023226670}
  - {fileID: 4000011782535036}
  - {fileID: 4000012591354500}
  - {fileID: 4000011132912024}
  - {fileID: 4000013629656022}
  - {fileID: 4000013123997068}
  - {fileID: 4000011922054286}
  - {fileID: 4000010646993992}
  - {fileID: 4000012239975740}
  - {fileID: 4000011003325450}
  - {fileID: 4000014260275284}
  - {fileID: 4000013616936362}
  - {fileID: 4000013130822600}
  - {fileID: 4000012563719080}
  - {fileID: 4000011749831012}
  - {fileID: 4000013394524000}
  - {fileID: 4000012229057964}
  m_BlendShapeWeights: []
  m_RootBone: {fileID: 4000011238135496}
  m_AABB:
    m_Center: {x: 0.083176106, y: -0.10893276, z: 1.0849508}
    m_Extent: {x: 1.0708266, y: 0.37624297, z: 1.1796023}
  m_DirtyAABB: 0
--- !u!137 &137000011902602280
SkinnedMeshRenderer:
  m_ObjectHideFlags: 1
  m_PrefabParentObject: {fileID: 0}
  m_PrefabInternal: {fileID: 100100000}
  m_GameObject: {fileID: 1000011722029732}
  m_Enabled: 1
  m_CastShadows: 1
  m_ReceiveShadows: 1
  m_MotionVectors: 1
  m_LightProbeUsage: 1
  m_ReflectionProbeUsage: 1
  m_Materials:
  - {fileID: 2100000, guid: a4621fc677590054089b6a2b1c613c75, type: 2}
  - {fileID: 2100000, guid: a4621fc677590054089b6a2b1c613c75, type: 2}
  - {fileID: 2100000, guid: a4621fc677590054089b6a2b1c613c75, type: 2}
  - {fileID: 2100000, guid: 78f49b01d639e3243a841993b038fa1b, type: 2}
  - {fileID: 2100000, guid: 1e8a7521e72a52944b4395bcd68f9898, type: 2}
  - {fileID: 2100000, guid: cdcbadd39b215a4469a4bf0cf32f619e, type: 2}
  - {fileID: 2100000, guid: 799b1e793594a5946acba21231c654a6, type: 2}
  m_SubsetIndices: 
  m_StaticBatchRoot: {fileID: 0}
  m_ProbeAnchor: {fileID: 0}
  m_LightProbeVolumeOverride: {fileID: 0}
  m_ScaleInLightmap: 1
  m_PreserveUVs: 0
  m_IgnoreNormalsForChartDetection: 0
  m_ImportantGI: 0
  m_SelectedWireframeHidden: 0
  m_MinimumChartSize: 4
  m_AutoUVMaxDistance: 0.5
  m_AutoUVMaxAngle: 89
  m_LightmapParameters: {fileID: 0}
  m_SortingLayerID: 0
  m_SortingOrder: 0
  serializedVersion: 2
  m_Quality: 0
  m_UpdateWhenOffscreen: 0
  m_SkinnedMotionVectors: 1
  m_Mesh: {fileID: 4300000, guid: 36fd27c04c3e90243ae9d8858de6aeb6, type: 3}
  m_Bones:
  - {fileID: 4000013138983262}
  - {fileID: 4000010510048386}
  - {fileID: 4000011192351304}
  - {fileID: 4000010539877572}
  - {fileID: 4000011597533902}
  - {fileID: 4000011742233518}
  - {fileID: 4000012814631168}
  - {fileID: 4000013375185502}
  - {fileID: 4000010558598386}
  - {fileID: 4000013108966470}
  - {fileID: 4000013245980076}
  - {fileID: 4000012071920098}
  - {fileID: 4000010621391426}
  - {fileID: 4000014208663584}
  - {fileID: 4000014200466818}
  - {fileID: 4000010402859644}
  - {fileID: 4000012704905562}
  - {fileID: 4000011616740230}
  - {fileID: 4000013915539370}
  - {fileID: 4000012330682172}
  - {fileID: 4000013745010268}
  - {fileID: 4000014250408614}
  m_BlendShapeWeights: []
  m_RootBone: {fileID: 4000013138983262}
  m_AABB:
    m_Center: {x: 0.043783545, y: -0.08567253, z: 1.1293919}
    m_Extent: {x: 1.1271362, y: 0.4463472, z: 1.226893}
  m_DirtyAABB: 0
--- !u!137 &137000012251840732
SkinnedMeshRenderer:
  m_ObjectHideFlags: 1
  m_PrefabParentObject: {fileID: 0}
  m_PrefabInternal: {fileID: 100100000}
  m_GameObject: {fileID: 1000013994720898}
  m_Enabled: 1
  m_CastShadows: 1
  m_ReceiveShadows: 1
  m_MotionVectors: 1
  m_LightProbeUsage: 1
  m_ReflectionProbeUsage: 1
  m_Materials:
  - {fileID: 2100000, guid: c12e70cbb44988747a6eb290d4f88810, type: 2}
  m_SubsetIndices: 
  m_StaticBatchRoot: {fileID: 0}
  m_ProbeAnchor: {fileID: 0}
  m_LightProbeVolumeOverride: {fileID: 0}
  m_ScaleInLightmap: 1
  m_PreserveUVs: 0
  m_IgnoreNormalsForChartDetection: 0
  m_ImportantGI: 0
  m_SelectedWireframeHidden: 0
  m_MinimumChartSize: 4
  m_AutoUVMaxDistance: 0.5
  m_AutoUVMaxAngle: 89
  m_LightmapParameters: {fileID: 0}
  m_SortingLayerID: 0
  m_SortingOrder: 0
  serializedVersion: 2
  m_Quality: 0
  m_UpdateWhenOffscreen: 0
  m_SkinnedMotionVectors: 1
  m_Mesh: {fileID: 4300000, guid: af457f36d1eaa954d9d3995035adc314, type: 3}
  m_Bones:
  - {fileID: 4000013023226670}
  - {fileID: 4000011782535036}
  - {fileID: 4000013629656022}
  - {fileID: 4000013123997068}
  - {fileID: 4000011922054286}
  m_BlendShapeWeights: []
  m_RootBone: {fileID: 4000013023226670}
  m_AABB:
    m_Center: {x: -0.13326421, y: -0.06706095, z: 0.51322544}
    m_Extent: {x: 0.51927996, y: 0.427216, z: 0.47229773}
  m_DirtyAABB: 0
